%% This BibTeX bibliography file was created using BibDesk.
%% http://bibdesk.sourceforge.net/


%% Created for Spencer Smith at 2016-01-25 15:10:43 -0500 


%% Saved with string encoding Unicode (UTF-8) 



@article{SegalAndMorris2008,
	Annote = {Some extra information on the citation.

@article{Segal2008IEEE,
	Address = {Los Alamitos, CA, USA},
	Author = {Segal, Judith and Morris, Chris},
	Date-Added = {2011-01-28 14:00:17 -0500},
	Date-Modified = {2011-01-28 14:00:35 -0500},
	Doi = {http://dx.doi.org/10.1109/MS.2008.85},
	Issn = {0740-7459},
	Journal = {IEEE Softw.},
	Number = {4},
	Pages = {18--20},
	Publisher = {IEEE Computer Society Press},
	Title = {Developing Scientific Software},
	Url = {http://cs.ua.edu/\~{}SECSE08/Papers/Segal.pdf},
	Volume = {25},
	Year = {2008},
	Bdsk-Url-1 = {http://cs.ua.edu/%5C~%7B%7DSECSE08/Papers/Segal.pdf},
	Bdsk-Url-2 = {http://dx.doi.org/10.1109/MS.2008.85}}},
	Author = {Judith Segal and Chris Morris},
	Date-Added = {2016-01-25 20:10:41 +0000},
	Date-Modified = {2016-01-25 20:10:41 +0000},
	Journal = {IEEE Software},
	Local-Url = {/Users/smiths/LongTermArchives/Work/Research/References/SciCompAndSoftEng/SegalAndMorris2008.pdf},
	Month = {July/August},
	Number = {4},
	Pages = {18--20},
	Title = {Developing Scientific Software},
	Volume = {25},
	Year = {2008},
	Bdsk-File-1 = {YnBsaXN0MDDUAQIDBAUGJCVYJHZlcnNpb25YJG9iamVjdHNZJGFyY2hpdmVyVCR0b3ASAAGGoKgHCBMUFRYaIVUkbnVsbNMJCgsMDxJXTlMua2V5c1pOUy5vYmplY3RzViRjbGFzc6INDoACgAOiEBGABIAFgAdccmVsYXRpdmVQYXRoWWFsaWFzRGF0YV8QQC4uLy4uLy4uLy4uL3NlNHNjL1NjaUNvbXBBbmRTb2Z0RW5nUGFwZXJzL1NlZ2FsQW5kTW9ycmlzMjAwOC5wZGbSFwsYGVdOUy5kYXRhTxEB7AAAAAAB7AACAAAMTWFjaW50b3NoIEhEAAAAAAAAAAAAAAAAAAAAzpdzg0grAAAGYWBoFlNlZ2FsQW5kTW9ycmlzMjAwOC5wZGYAAAAAAAAAAAAAAAAAAAAAAAAAAAAAAAAAAAAAAAAAAAAAAAAAAAAAAAflq4LSqpo5AAAAAAAAAAAABAADAAAJIAAAAAAAAAAAAAAAAAAAABdTY2lDb21wQW5kU29mdEVuZ1BhcGVycwAAEAAIAADOl6vDAAAAEQAIAADSquCJAAAAAQAUBmFgaAZhYFsAEhWnAAj3ZgACZI4AAgBZTWFjaW50b3NoIEhEOlVzZXJzOgBzbWl0aHM6AFJlcG9zOgBzZTRzYzoAU2NpQ29tcEFuZFNvZnRFbmdQYXBlcnM6AFNlZ2FsQW5kTW9ycmlzMjAwOC5wZGYAAA4ALgAWAFMAZQBnAGEAbABBAG4AZABNAG8AcgByAGkAcwAyADAAMAA4AC4AcABkAGYADwAaAAwATQBhAGMAaQBuAHQAbwBzAGgAIABIAEQAEgBHVXNlcnMvc21pdGhzL1JlcG9zL3NlNHNjL1NjaUNvbXBBbmRTb2Z0RW5nUGFwZXJzL1NlZ2FsQW5kTW9ycmlzMjAwOC5wZGYAABMAAS8AABUAAgAN//8AAIAG0hscHR5aJGNsYXNzbmFtZVgkY2xhc3Nlc11OU011dGFibGVEYXRhox0fIFZOU0RhdGFYTlNPYmplY3TSGxwiI1xOU0RpY3Rpb25hcnmiIiBfEA9OU0tleWVkQXJjaGl2ZXLRJidUcm9vdIABAAgAEQAaACMALQAyADcAQABGAE0AVQBgAGcAagBsAG4AcQBzAHUAdwCEAI4A0QDWAN4CzgLQAtUC4ALpAvcC+wMCAwsDEAMdAyADMgM1AzoAAAAAAAACAQAAAAAAAAAoAAAAAAAAAAAAAAAAAAADPA==},
	Bdsk-File-2 = {YnBsaXN0MDDUAQIDBAUGJCVYJHZlcnNpb25YJG9iamVjdHNZJGFyY2hpdmVyVCR0b3ASAAGGoKgHCBMUFRYaIVUkbnVsbNMJCgsMDxJXTlMua2V5c1pOUy5vYmplY3RzViRjbGFzc6INDoACgAOiEBGABIAFgAdccmVsYXRpdmVQYXRoWWFsaWFzRGF0YV8QiC4uLy4uLy4uLy4uLy4uLy4uL1ZvbHVtZXMvQXJjaGl2ZS9Mb25nVGVybUFyY2hpdmVzTGFzdENoYW5nZU1heTEwXzIwMTIvV29yay9SZXNlYXJjaC9SZWZlcmVuY2VzL1NjaUNvbXBBbmRTb2Z0RW5nL1NlZ2FsQW5kTW9ycmlzMjAwOC5wZGbSFwsYGVdOUy5kYXRhTxECFAAAAAACFAACAAAHQXJjaGl2ZQAAAAAAAAAAAAAAAAAAAAAAAAAAy9IbmEgrAAAAADxgFlNlZ2FsQW5kTW9ycmlzMjAwOC5wZGYAAAAAAAAAAAAAAAAAAAAAAAAAAAAAAAAAAAAAAAAAAAAAAAAAAAAAAAAAPKbGUse1AAAAAAAAAAD/////AAAJAAAAAAAAAAAAAAAAAAAAABFTY2lDb21wQW5kU29mdEVuZwAAEAAIAADL0lPYAAAAEQAIAADGUv/1AAAAAQAUAAA8YAAAOOsAADXTAAAdogAAAD4AAgBpQXJjaGl2ZTpMb25nVGVybUFyY2hpdmVzTGFzdENoYW5nZU1hIzNFOldvcms6UmVzZWFyY2g6UmVmZXJlbmNlczpTY2lDb21wQW5kU29mdEVuZzpTZWdhbEFuZE1vcnJpczIwMDgucGRmAAAOAC4AFgBTAGUAZwBhAGwAQQBuAGQATQBvAHIAcgBpAHMAMgAwADAAOAAuAHAAZABmAA8AEAAHAEEAcgBjAGgAaQB2AGUAEgBnL0xvbmdUZXJtQXJjaGl2ZXNMYXN0Q2hhbmdlTWF5MTBfMjAxMi9Xb3JrL1Jlc2VhcmNoL1JlZmVyZW5jZXMvU2NpQ29tcEFuZFNvZnRFbmcvU2VnYWxBbmRNb3JyaXMyMDA4LnBkZgAAEwAQL1ZvbHVtZXMvQXJjaGl2Zf//AACABtIbHB0eWiRjbGFzc25hbWVYJGNsYXNzZXNdTlNNdXRhYmxlRGF0YaMdHyBWTlNEYXRhWE5TT2JqZWN00hscIiNcTlNEaWN0aW9uYXJ5oiIgXxAPTlNLZXllZEFyY2hpdmVy0SYnVHJvb3SAAQAIABEAGgAjAC0AMgA3AEAARgBNAFUAYABnAGoAbABuAHEAcwB1AHcAhACOARkBHgEmAz4DQANFA1ADWQNnA2sDcgN7A4ADjQOQA6IDpQOqAAAAAAAAAgEAAAAAAAAAKAAAAAAAAAAAAAAAAAAAA6w=}}

@article{Kelly2015,
	Author = {Diane Kelly},
	Bibsource = {dblp computer science bibliography, http://dblp.org},
	Biburl = {http://dblp.uni-trier.de/rec/bib/journals/jss/Kelly15},
	Date-Added = {2016-01-25 20:10:31 +0000},
	Date-Modified = {2016-01-25 20:10:31 +0000},
	Doi = {10.1016/j.jss.2015.07.027},
	Journal = {Journal of Systems and Software},
	Pages = {50--61},
	Timestamp = {Thu, 26 Nov 2015 09:26:40 +0100},
	Title = {Scientific software development viewed as knowledge acquisition: Towards understanding the development of risk-averse scientific software},
	Url = {http://dx.doi.org/10.1016/j.jss.2015.07.027},
	Volume = {109},
	Year = {2015},
	Bdsk-File-1 = {YnBsaXN0MDDUAQIDBAUGJCVYJHZlcnNpb25YJG9iamVjdHNZJGFyY2hpdmVyVCR0b3ASAAGGoKgHCBMUFRYaIVUkbnVsbNMJCgsMDxJXTlMua2V5c1pOUy5vYmplY3RzViRjbGFzc6INDoACgAOiEBGABIAFgAdccmVsYXRpdmVQYXRoWWFsaWFzRGF0YV8QNy4uLy4uLy4uLy4uL3NlNHNjL1NjaUNvbXBBbmRTb2Z0RW5nUGFwZXJzL0tlbGx5MjAxNS5wZGbSFwsYGVdOUy5kYXRhTxEBxgAAAAABxgACAAAMTWFjaW50b3NoIEhEAAAAAAAAAAAAAAAAAAAAzpdzg0grAAAGYWBoDUtlbGx5MjAxNS5wZGYAAAAAAAAAAAAAAAAAAAAAAAAAAAAAAAAAAAAAAAAAAAAAAAAAAAAAAAAAAAAAAAAAAAfNj9zSncAOAAAAAAAAAAAABAADAAAJIAAAAAAAAAAAAAAAAAAAABdTY2lDb21wQW5kU29mdEVuZ1BhcGVycwAAEAAIAADOl6vDAAAAEQAIAADSngZeAAAAAQAUBmFgaAZhYFsAEhWnAAj3ZgACZI4AAgBQTWFjaW50b3NoIEhEOlVzZXJzOgBzbWl0aHM6AFJlcG9zOgBzZTRzYzoAU2NpQ29tcEFuZFNvZnRFbmdQYXBlcnM6AEtlbGx5MjAxNS5wZGYADgAcAA0ASwBlAGwAbAB5ADIAMAAxADUALgBwAGQAZgAPABoADABNAGEAYwBpAG4AdABvAHMAaAAgAEgARAASAD5Vc2Vycy9zbWl0aHMvUmVwb3Mvc2U0c2MvU2NpQ29tcEFuZFNvZnRFbmdQYXBlcnMvS2VsbHkyMDE1LnBkZgATAAEvAAAVAAIADf//AACABtIbHB0eWiRjbGFzc25hbWVYJGNsYXNzZXNdTlNNdXRhYmxlRGF0YaMdHyBWTlNEYXRhWE5TT2JqZWN00hscIiNcTlNEaWN0aW9uYXJ5oiIgXxAPTlNLZXllZEFyY2hpdmVy0SYnVHJvb3SAAQAIABEAGgAjAC0AMgA3AEAARgBNAFUAYABnAGoAbABuAHEAcwB1AHcAhACOAMgAzQDVAp8CoQKmArECugLIAswC0wLcAuEC7gLxAwMDBgMLAAAAAAAAAgEAAAAAAAAAKAAAAAAAAAAAAAAAAAAAAw0=},
	Bdsk-Url-1 = {http://dx.doi.org/10.1016/j.jss.2015.07.027}}

@inproceedings{Kelly2013,
	Acmid = {2555555},
	Address = {Riverton, NJ, USA},
	Author = {Kelly, Diane},
	Booktitle = {Proceedings of the 2013 Conference of the Center for Advanced Studies on Collaborative Research},
	Date-Added = {2016-01-25 20:10:25 +0000},
	Date-Modified = {2016-01-25 20:10:25 +0000},
	Location = {Ontario, Canada},
	Numpages = {12},
	Pages = {299--310},
	Publisher = {IBM Corp.},
	Series = {CASCON '13},
	Title = {Industrial Scientific Software: A Set of Interviews on Software Development},
	Url = {http://dl.acm.org/citation.cfm?id=2555523.2555555},
	Year = {2013},
	Bdsk-File-1 = {YnBsaXN0MDDUAQIDBAUGJCVYJHZlcnNpb25YJG9iamVjdHNZJGFyY2hpdmVyVCR0b3ASAAGGoKgHCBMUFRYaIVUkbnVsbNMJCgsMDxJXTlMua2V5c1pOUy5vYmplY3RzViRjbGFzc6INDoACgAOiEBGABIAFgAdccmVsYXRpdmVQYXRoWWFsaWFzRGF0YV8QNS4uLy4uLy4uLy4uLy4uL1dvcmsvUmVzZWFyY2gvUmVmZXJlbmNlcy9LZWxseTIwMTMucGRm0hcLGBlXTlMuZGF0YU8RAaQAAAAAAaQAAgAADE1hY2ludG9zaCBIRAAAAAAAAAAAAAAAAAAAAM6Xc4NIKwAAABcCDA1LZWxseTIwMTMucGRmAAAAAAAAAAAAAAAAAAAAAAAAAAAAAAAAAAAAAAAAAAAAAAAAAAAAAAAAAAAAAAAAAAACsPtZ0C3wzAAAAAAAAAAAAAUABAAACSAAAAAAAAAAAAAAAAAAAAAKUmVmZXJlbmNlcwAQAAgAAM6Xq8MAAAARAAgAANAuKQwAAAABABQAFwIMABcATQAW/e0ACPdmAAJkjgACAEVNYWNpbnRvc2ggSEQ6VXNlcnM6AHNtaXRoczoAV29yazoAUmVzZWFyY2g6AFJlZmVyZW5jZXM6AEtlbGx5MjAxMy5wZGYAAA4AHAANAEsAZQBsAGwAeQAyADAAMQAzAC4AcABkAGYADwAaAAwATQBhAGMAaQBuAHQAbwBzAGgAIABIAEQAEgAzVXNlcnMvc21pdGhzL1dvcmsvUmVzZWFyY2gvUmVmZXJlbmNlcy9LZWxseTIwMTMucGRmAAATAAEvAAAVAAIADf//AACABtIbHB0eWiRjbGFzc25hbWVYJGNsYXNzZXNdTlNNdXRhYmxlRGF0YaMdHyBWTlNEYXRhWE5TT2JqZWN00hscIiNcTlNEaWN0aW9uYXJ5oiIgXxAPTlNLZXllZEFyY2hpdmVy0SYnVHJvb3SAAQAIABEAGgAjAC0AMgA3AEAARgBNAFUAYABnAGoAbABuAHEAcwB1AHcAhACOAMYAywDTAnsCfQKCAo0ClgKkAqgCrwK4Ar0CygLNAt8C4gLnAAAAAAAAAgEAAAAAAAAAKAAAAAAAAAAAAAAAAAAAAuk=}}

@article{Segal2005,
	Author = {Segal, Judith},
	Citeulike-Article-Id = {342252},
	Date-Added = {2016-01-25 20:10:19 +0000},
	Date-Modified = {2016-01-25 20:10:19 +0000},
	Doi = {10.1007/s10664-005-3865-y},
	Issn = {1382-3256},
	Journal = {Empirical Software Engineering},
	Keywords = {components, enginner, experiment, research, science},
	Local-Url = {file://localhost/Users/smiths/LongTermArchives/Work/Research/References/SciCompAndSoftEng/Segal2005.pdf},
	Month = {October},
	Number = {4},
	Pages = {517--536},
	Posted-At = {2006-08-11 01:21:33},
	Priority = {4},
	Publisher = {Kluwer Academic Publishers},
	Title = {When Software Engineers Met Research Scientists: A Case Study},
	Url = {http://dx.doi.org/10.1007/s10664-005-3865-y},
	Volume = {10},
	Year = {2005},
	Bdsk-File-1 = {YnBsaXN0MDDUAQIDBAUGJCVYJHZlcnNpb25YJG9iamVjdHNZJGFyY2hpdmVyVCR0b3ASAAGGoKgHCBMUFRYaIVUkbnVsbNMJCgsMDxJXTlMua2V5c1pOUy5vYmplY3RzViRjbGFzc6INDoACgAOiEBGABIAFgAdccmVsYXRpdmVQYXRoWWFsaWFzRGF0YV8QbC4uLy4uLy4uLy4uL21tc2NPTERfU1ZOL0RvbWFpblgvWmhlbmcgWmVuZy9Xcml0aW5ncy9SZWZlcmVuY2VzL1BhcGVyc09uU29mdEVuZ0FwcGxpZWRUb1NjaUNvbXAvU2VnYWwyMDA1LnBkZtIXCxgZV05TLmRhdGFPEQJOAAAAAAJOAAIAAAxNYWNpbnRvc2ggSEQAAAAAAAAAAAAAAAAAAADOl3ODSCsAAAKRxNMNU2VnYWwyMDA1LnBkZgAAAAAAAAAAAAAAAAAAAAAAAAAAAAAAAAAAAAAAAAAAAAAAAAAAAAAAAAAAAAAAAAAAApHFFdAhLEAAAAAAAAAAAAAEAAcAAAkgAAAAAAAAAAAAAAAAAAAAH1BhcGVyc09uU29mdEVuZ0FwcGxpZWRUb1NjaUNvbXAAABAACAAAzperwwAAABEACAAA0CFkgAAAAAEAJAKRxNMCkcSoApHEpgKRxHcCkcR1ApHETAASFacACPdmAAJkjgACAIlNYWNpbnRvc2ggSEQ6VXNlcnM6AHNtaXRoczoAUmVwb3M6AG1tc2NPTERfU1ZOOgBEb21haW5YOgBaaGVuZyBaZW5nOgBXcml0aW5nczoAUmVmZXJlbmNlczoAUGFwZXJzT25Tb2Z0RW5nQXBwbGllZFRvU2NpQ29tcDoAU2VnYWwyMDA1LnBkZgAADgAcAA0AUwBlAGcAYQBsADIAMAAwADUALgBwAGQAZgAPABoADABNAGEAYwBpAG4AdABvAHMAaAAgAEgARAASAHNVc2Vycy9zbWl0aHMvUmVwb3MvbW1zY09MRF9TVk4vRG9tYWluWC9aaGVuZyBaZW5nL1dyaXRpbmdzL1JlZmVyZW5jZXMvUGFwZXJzT25Tb2Z0RW5nQXBwbGllZFRvU2NpQ29tcC9TZWdhbDIwMDUucGRmAAATAAEvAAAVAAIADf//AACABtIbHB0eWiRjbGFzc25hbWVYJGNsYXNzZXNdTlNNdXRhYmxlRGF0YaMdHyBWTlNEYXRhWE5TT2JqZWN00hscIiNcTlNEaWN0aW9uYXJ5oiIgXxAPTlNLZXllZEFyY2hpdmVy0SYnVHJvb3SAAQAIABEAGgAjAC0AMgA3AEAARgBNAFUAYABnAGoAbABuAHEAcwB1AHcAhACOAP0BAgEKA1wDXgNjA24DdwOFA4kDkAOZA54DqwOuA8ADwwPIAAAAAAAAAgEAAAAAAAAAKAAAAAAAAAAAAAAAAAAAA8o=},
	Bdsk-Url-1 = {http://dx.doi.org/10.1007/s10664-005-3865-y}}

@article{EasterbrookAndJohns2009,
	Address = {Los Alamitos, CA, USA},
	Author = {Easterbrook, Steve M. and Johns, Timothy C.},
	Date-Added = {2016-01-25 20:10:11 +0000},
	Date-Modified = {2016-01-25 20:10:11 +0000},
	Doi = {http://dx.doi.org/10.1109/MCSE.2009.193},
	Issn = {0740-7475},
	Journal = {Comuting in Science \& Engineering},
	Month = {November/December},
	Number = {6},
	Pages = {65--74},
	Publisher = {IEEE Computer Society Press},
	Title = {Engineering the Software for Understanding Climate Change},
	Volume = {11},
	Year = {2009},
	Bdsk-File-1 = {YnBsaXN0MDDUAQIDBAUGJCVYJHZlcnNpb25YJG9iamVjdHNZJGFyY2hpdmVyVCR0b3ASAAGGoKgHCBMUFRYaIVUkbnVsbNMJCgsMDxJXTlMua2V5c1pOUy5vYmplY3RzViRjbGFzc6INDoACgAOiEBGABIAFgAdccmVsYXRpdmVQYXRoWWFsaWFzRGF0YV8QRS4uLy4uLy4uLy4uL3NlNHNjL1NjaUNvbXBBbmRTb2Z0RW5nUGFwZXJzL0Vhc3RlcmJyb29rQW5kSm9obnMyMDA5LnBkZtIXCxgZV05TLmRhdGFPEQH+AAAAAAH+AAIAAAxNYWNpbnRvc2ggSEQAAAAAAAAAAAAAAAAAAADOl3ODSCsAAAZhYGgbRWFzdGVyYnJvb2tBbmRKb2huczIwMDkucGRmAAAAAAAAAAAAAAAAAAAAAAAAAAAAAAAAAAAAAAAAAAAAAAAAB+We+9Kqkf4AAAAAAAAAAAAEAAMAAAkgAAAAAAAAAAAAAAAAAAAAF1NjaUNvbXBBbmRTb2Z0RW5nUGFwZXJzAAAQAAgAAM6Xq8MAAAARAAgAANKq2E4AAAABABQGYWBoBmFgWwASFacACPdmAAJkjgACAF5NYWNpbnRvc2ggSEQ6VXNlcnM6AHNtaXRoczoAUmVwb3M6AHNlNHNjOgBTY2lDb21wQW5kU29mdEVuZ1BhcGVyczoARWFzdGVyYnJvb2tBbmRKb2huczIwMDkucGRmAA4AOAAbAEUAYQBzAHQAZQByAGIAcgBvAG8AawBBAG4AZABKAG8AaABuAHMAMgAwADAAOQAuAHAAZABmAA8AGgAMAE0AYQBjAGkAbgB0AG8AcwBoACAASABEABIATFVzZXJzL3NtaXRocy9SZXBvcy9zZTRzYy9TY2lDb21wQW5kU29mdEVuZ1BhcGVycy9FYXN0ZXJicm9va0FuZEpvaG5zMjAwOS5wZGYAEwABLwAAFQACAA3//wAAgAbSGxwdHlokY2xhc3NuYW1lWCRjbGFzc2VzXU5TTXV0YWJsZURhdGGjHR8gVk5TRGF0YVhOU09iamVjdNIbHCIjXE5TRGljdGlvbmFyeaIiIF8QD05TS2V5ZWRBcmNoaXZlctEmJ1Ryb290gAEACAARABoAIwAtADIANwBAAEYATQBVAGAAZwBqAGwAbgBxAHMAdQB3AIQAjgDWANsA4wLlAucC7AL3AwADDgMSAxkDIgMnAzQDNwNJA0wDUQAAAAAAAAIBAAAAAAAAACgAAAAAAAAAAAAAAAAAAANT},
	Bdsk-Url-1 = {http://dx.doi.org/10.1109/MCSE.2009.193}}

@inproceedings{CarverEtAl2007,
	Address = {Washington, DC, USA},
	Author = {Jeffrey C. Carver and Richard P. Kendall and Susan E. Squires and Douglass E. Post},
	Booktitle = {ICSE '07: Proceedings of the 29th international conference on Software Engineering},
	Date-Added = {2016-01-25 20:09:56 +0000},
	Date-Modified = {2016-01-25 20:09:56 +0000},
	Doi = {http://dx.doi.org/10.1109/ICSE.2007.77},
	Isbn = {0-7695-2828-7},
	Local-Url = {file://localhost/Users/smiths/LongTermArchives/Work/Research/References/SciCompAndSoftEng/CarverEtAl2007.pdf},
	Pages = {550--559},
	Publisher = {IEEE Computer Society},
	Title = {Software Development Environments for Scientific and Engineering Software: A Series of Case Studies},
	Year = {2007},
	Bdsk-File-1 = {YnBsaXN0MDDUAQIDBAUGJCVYJHZlcnNpb25YJG9iamVjdHNZJGFyY2hpdmVyVCR0b3ASAAGGoKgHCBMUFRYaIVUkbnVsbNMJCgsMDxJXTlMua2V5c1pOUy5vYmplY3RzViRjbGFzc6INDoACgAOiEBGABIAFgAdccmVsYXRpdmVQYXRoWWFsaWFzRGF0YV8QOi4uLy4uLy4uLy4uLy4uL1dvcmsvUmVzZWFyY2gvUmVmZXJlbmNlcy9DYXJ2ZXJFdEFsMjAwNy5wZGbSFwsYGVdOUy5kYXRhTxEBtgAAAAABtgACAAAMTWFjaW50b3NoIEhEAAAAAAAAAAAAAAAAAAAAzpdzg0grAAAAFwIMEkNhcnZlckV0QWwyMDA3LnBkZgAAAAAAAAAAAAAAAAAAAAAAAAAAAAAAAAAAAAAAAAAAAAAAAAAAAAAAAAAAAAVQuvzRbnAsAAAAAAAAAAAABQAEAAAJIAAAAAAAAAAAAAAAAAAAAApSZWZlcmVuY2VzABAACAAAzperwwAAABEACAAA0W6obAAAAAEAFAAXAgwAFwBNABb97QAI92YAAmSOAAIASk1hY2ludG9zaCBIRDpVc2VyczoAc21pdGhzOgBXb3JrOgBSZXNlYXJjaDoAUmVmZXJlbmNlczoAQ2FydmVyRXRBbDIwMDcucGRmAA4AJgASAEMAYQByAHYAZQByAEUAdABBAGwAMgAwADAANwAuAHAAZABmAA8AGgAMAE0AYQBjAGkAbgB0AG8AcwBoACAASABEABIAOFVzZXJzL3NtaXRocy9Xb3JrL1Jlc2VhcmNoL1JlZmVyZW5jZXMvQ2FydmVyRXRBbDIwMDcucGRmABMAAS8AABUAAgAN//8AAIAG0hscHR5aJGNsYXNzbmFtZVgkY2xhc3Nlc11OU011dGFibGVEYXRhox0fIFZOU0RhdGFYTlNPYmplY3TSGxwiI1xOU0RpY3Rpb25hcnmiIiBfEA9OU0tleWVkQXJjaGl2ZXLRJidUcm9vdIABAAgAEQAaACMALQAyADcAQABGAE0AVQBgAGcAagBsAG4AcQBzAHUAdwCEAI4AywDQANgCkgKUApkCpAKtArsCvwLGAs8C1ALhAuQC9gL5Av4AAAAAAAACAQAAAAAAAAAoAAAAAAAAAAAAAAAAAAADAA==},
	Bdsk-Url-1 = {http://dx.doi.org/10.1109/ICSE.2007.77}}

@article{AckroydEtAl2008,
	Author = {Karen S. Ackroyd and Steve H. Kinder and Geoff R. Mant and Mike C. Miller and Christine A. Ramsdale and Paul C. Stephenson},
	Date-Added = {2016-01-25 20:09:47 +0000},
	Date-Modified = {2016-01-25 20:09:47 +0000},
	Journal = {IEEE Software},
	Local-Url = {/Users/smiths/LongTermArchives/Work/Research/References/SciCompAndSoftEng/AckroydEtAl2008.pdf},
	Month = {July/August},
	Number = {4},
	Pages = {44--51},
	Title = {Scientific Software Development at a Research Facility},
	Volume = {25},
	Year = {2008},
	Bdsk-File-1 = {YnBsaXN0MDDUAQIDBAUGJCVYJHZlcnNpb25YJG9iamVjdHNZJGFyY2hpdmVyVCR0b3ASAAGGoKgHCBMUFRYaIVUkbnVsbNMJCgsMDxJXTlMua2V5c1pOUy5vYmplY3RzViRjbGFzc6INDoACgAOiEBGABIAFgAdccmVsYXRpdmVQYXRoWWFsaWFzRGF0YV8QPS4uLy4uLy4uLy4uL3NlNHNjL1NjaUNvbXBBbmRTb2Z0RW5nUGFwZXJzL0Fja3JveWRFdEFsMjAwOC5wZGbSFwsYGVdOUy5kYXRhTxEB3gAAAAAB3gACAAAMTWFjaW50b3NoIEhEAAAAAAAAAAAAAAAAAAAAzpdzg0grAAAGYWBoE0Fja3JveWRFdEFsMjAwOC5wZGYAAAAAAAAAAAAAAAAAAAAAAAAAAAAAAAAAAAAAAAAAAAAAAAAAAAAAAAAAAAfoaAjSq+uoAAAAAAAAAAAABAADAAAJIAAAAAAAAAAAAAAAAAAAABdTY2lDb21wQW5kU29mdEVuZ1BhcGVycwAAEAAIAADOl6vDAAAAEQAIAADSrDH4AAAAAQAUBmFgaAZhYFsAEhWnAAj3ZgACZI4AAgBWTWFjaW50b3NoIEhEOlVzZXJzOgBzbWl0aHM6AFJlcG9zOgBzZTRzYzoAU2NpQ29tcEFuZFNvZnRFbmdQYXBlcnM6AEFja3JveWRFdEFsMjAwOC5wZGYADgAoABMAQQBjAGsAcgBvAHkAZABFAHQAQQBsADIAMAAwADgALgBwAGQAZgAPABoADABNAGEAYwBpAG4AdABvAHMAaAAgAEgARAASAERVc2Vycy9zbWl0aHMvUmVwb3Mvc2U0c2MvU2NpQ29tcEFuZFNvZnRFbmdQYXBlcnMvQWNrcm95ZEV0QWwyMDA4LnBkZgATAAEvAAAVAAIADf//AACABtIbHB0eWiRjbGFzc25hbWVYJGNsYXNzZXNdTlNNdXRhYmxlRGF0YaMdHyBWTlNEYXRhWE5TT2JqZWN00hscIiNcTlNEaWN0aW9uYXJ5oiIgXxAPTlNLZXllZEFyY2hpdmVy0SYnVHJvb3SAAQAIABEAGgAjAC0AMgA3AEAARgBNAFUAYABnAGoAbABuAHEAcwB1AHcAhACOAM4A0wDbAr0CvwLEAs8C2ALmAuoC8QL6Av8DDAMPAyEDJAMpAAAAAAAAAgEAAAAAAAAAKAAAAAAAAAAAAAAAAAAAAys=},
	Bdsk-File-2 = {YnBsaXN0MDDUAQIDBAUGJCVYJHZlcnNpb25YJG9iamVjdHNZJGFyY2hpdmVyVCR0b3ASAAGGoKgHCBMUFRYaIVUkbnVsbNMJCgsMDxJXTlMua2V5c1pOUy5vYmplY3RzViRjbGFzc6INDoACgAOiEBGABIAFgAdccmVsYXRpdmVQYXRoWWFsaWFzRGF0YV8QWy4uLy4uLy4uLy4uL0xvbmdUZXJtQXJjaGl2ZXMvV29yay9SZXNlYXJjaC9SZWZlcmVuY2VzL1NjaUNvbXBBbmRTb2Z0RW5nL0Fja3JveWRFdEFsMjAwOC5wZGbSFwsYGVdOUy5kYXRhTxECDAAAAAACDAACAAAMTWFjaW50b3NoIEhEAAAAAAAAAAAAAAAAAAAAxsVhAEgrAAAAEqeSE0Fja3JveWRFdEFsMjAwOC5wZGYAAAAAAAAAAAAAAAAAAAAAAAAAAAAAAAAAAAAAAAAAAAAAAAAAAAAAAAAAAAAStFfITnRCAAAAAAAAAAAABAAGAAAJIAAAAAAAAAAAAAAAAAAAABFTY2lDb21wQW5kU29mdEVuZwAAEAAIAADGxZlAAAAAEQAIAADITqyCAAAAAQAcABKnkgASojYAEqDKABKgqQASoKUACFn3AAB8YwACAGlNYWNpbnRvc2ggSEQ6VXNlcnM6c21pdGhzOkxvbmdUZXJtQXJjaGl2ZXM6V29yazpSZXNlYXJjaDpSZWZlcmVuY2VzOlNjaUNvbXBBbmRTb2Z0RW5nOkFja3JveWRFdEFsMjAwOC5wZGYAAA4AKAATAEEAYwBrAHIAbwB5AGQARQB0AEEAbAAyADAAMAA4AC4AcABkAGYADwAaAAwATQBhAGMAaQBuAHQAbwBzAGgAIABIAEQAEgBcVXNlcnMvc21pdGhzL0xvbmdUZXJtQXJjaGl2ZXMvV29yay9SZXNlYXJjaC9SZWZlcmVuY2VzL1NjaUNvbXBBbmRTb2Z0RW5nL0Fja3JveWRFdEFsMjAwOC5wZGYAEwABLwAAFQACAA3//wAAgAbSGxwdHlokY2xhc3NuYW1lWCRjbGFzc2VzXU5TTXV0YWJsZURhdGGjHR8gVk5TRGF0YVhOU09iamVjdNIbHCIjXE5TRGljdGlvbmFyeaIiIF8QD05TS2V5ZWRBcmNoaXZlctEmJ1Ryb290gAEACAARABoAIwAtADIANwBAAEYATQBVAGAAZwBqAGwAbgBxAHMAdQB3AIQAjgDsAPEA+QMJAwsDEAMbAyQDMgM2Az0DRgNLA1gDWwNtA3ADdQAAAAAAAAIBAAAAAAAAACgAAAAAAAAAAAAAAAAAAAN3}}

@book{PharrAndHumphreys2004,
	Address = {San Francisco, CA, USA},
	Author = {Pharr, Matt and Humphreys, Greg},
	Date-Added = {2016-01-25 19:27:18 +0000},
	Date-Modified = {2016-01-25 19:27:18 +0000},
	Publisher = {Morgan Kaufmann Publishers Inc.},
	Title = {Physically Based Rendering: From Theory to Implementation},
	Year = 2004}

@techreport{Nedialkov2006,
	Address = {{1280 Main Street West, Hamilton, Ontario, L8S 4K1}},
	Author = {Nedialko S. Nedialkov},
	Date-Added = {2016-01-25 19:27:10 +0000},
	Date-Modified = {2016-01-25 19:27:10 +0000},
	Institution = {Department of Computing and Software, McMaster University},
	Number = {CAS-06-06-NN},
	Title = {{VNODE-LP} --- A Validated Solver for Initial Value Problems in Ordinary Differential Equations},
	Year = {2006}}

@article{JohnsonAndJohnson1997,
	Address = {{Houston, TX}},
	Author = {Johnson, Andrew and Johnson, Brad},
	Date-Added = {2016-01-25 19:26:52 +0000},
	Date-Modified = {2016-01-25 19:26:52 +0000},
	Journal = {Linux Journal},
	Month = {October},
	Pages = {64--69},
	Publisher = {{Belltown Media}},
	Title = {Literate Programming Using {\tt Noweb}},
	Volume = {42},
	Year = 1997}

@article{Knuth1984,
	Abstract = {The author and his associates have been experimenting for the past several years with a programming language and documentation system called WEB. This paper presents WEB by example, and discusses why the new system appears to be an improvement over previous ones.},
	Author = {Knuth, D. E.},
	Date-Added = {2016-01-25 19:26:40 +0000},
	Date-Modified = {2016-01-25 19:26:40 +0000},
	Doi = {10.1093/comjnl/27.2.97},
	Eprint = {http://comjnl.oxfordjournals.org/content/27/2/97.full.pdf+html},
	Journal = {The Computer Journal},
	Number = {2},
	Pages = {97-111},
	Title = {Literate Programming},
	Url = {http://comjnl.oxfordjournals.org/content/27/2/97.abstract},
	Volume = {27},
	Year = {1984},
	Bdsk-File-1 = {YnBsaXN0MDDUAQIDBAUGJCVYJHZlcnNpb25YJG9iamVjdHNZJGFyY2hpdmVyVCR0b3ASAAGGoKgHCBMUFRYaIVUkbnVsbNMJCgsMDxJXTlMua2V5c1pOUy5vYmplY3RzViRjbGFzc6INDoACgAOiEBGABIAFgAdccmVsYXRpdmVQYXRoWWFsaWFzRGF0YV8QNS4uLy4uLy4uLy4uLy4uL1dvcmsvUmVzZWFyY2gvUmVmZXJlbmNlcy9LbnV0aDE5ODQucGRm0hcLGBlXTlMuZGF0YU8RAaQAAAAAAaQAAgAADE1hY2ludG9zaCBIRAAAAAAAAAAAAAAAAAAAAM6Xc4NIKwAAABcCDA1LbnV0aDE5ODQucGRmAAAAAAAAAAAAAAAAAAAAAAAAAAAAAAAAAAAAAAAAAAAAAAAAAAAAAAAAAAAAAAAAAAADZCZw0Ij3rQAAAAAAAAAAAAUABAAACSAAAAAAAAAAAAAAAAAAAAAKUmVmZXJlbmNlcwAQAAgAAM6Xq8MAAAARAAgAANCJPf0AAAABABQAFwIMABcATQAW/e0ACPdmAAJkjgACAEVNYWNpbnRvc2ggSEQ6VXNlcnM6AHNtaXRoczoAV29yazoAUmVzZWFyY2g6AFJlZmVyZW5jZXM6AEtudXRoMTk4NC5wZGYAAA4AHAANAEsAbgB1AHQAaAAxADkAOAA0AC4AcABkAGYADwAaAAwATQBhAGMAaQBuAHQAbwBzAGgAIABIAEQAEgAzVXNlcnMvc21pdGhzL1dvcmsvUmVzZWFyY2gvUmVmZXJlbmNlcy9LbnV0aDE5ODQucGRmAAATAAEvAAAVAAIADf//AACABtIbHB0eWiRjbGFzc25hbWVYJGNsYXNzZXNdTlNNdXRhYmxlRGF0YaMdHyBWTlNEYXRhWE5TT2JqZWN00hscIiNcTlNEaWN0aW9uYXJ5oiIgXxAPTlNLZXllZEFyY2hpdmVy0SYnVHJvb3SAAQAIABEAGgAjAC0AMgA3AEAARgBNAFUAYABnAGoAbABuAHEAcwB1AHcAhACOAMYAywDTAnsCfQKCAo0ClgKkAqgCrwK4Ar0CygLNAt8C4gLnAAAAAAAAAgEAAAAAAAAAKAAAAAAAAAAAAAAAAAAAAuk=},
	Bdsk-Url-1 = {http://comjnl.oxfordjournals.org/content/27/2/97.abstract},
	Bdsk-Url-2 = {http://dx.doi.org/10.1093/comjnl/27.2.97}}

@article{Dubois2002,
	Author = {Paul F. Dubois},
	Date-Added = {2016-01-25 19:26:26 +0000},
	Date-Modified = {2016-01-25 19:26:26 +0000},
	Journal = {Computing in Science and Engineering},
	Local-Url = {file://localhost/Users/smiths/LongTermArchives/Work/Research/References/SciCompAndSoftEng/Dubois2002.pdf},
	Month = {September},
	Number = {5},
	Pages = {84--90},
	Title = {Designing Scientific Components},
	Volume = {4},
	Year = {2002},
	Bdsk-File-1 = {YnBsaXN0MDDUAQIDBAUGJCVYJHZlcnNpb25YJG9iamVjdHNZJGFyY2hpdmVyVCR0b3ASAAGGoKgHCBMUFRYaIVUkbnVsbNMJCgsMDxJXTlMua2V5c1pOUy5vYmplY3RzViRjbGFzc6INDoACgAOiEBGABIAFgAdccmVsYXRpdmVQYXRoWWFsaWFzRGF0YV8QbS4uLy4uLy4uLy4uL21tc2NPTERfU1ZOL0RvbWFpblgvWmhlbmcgWmVuZy9Xcml0aW5ncy9SZWZlcmVuY2VzL1BhcGVyc09uU29mdEVuZ0FwcGxpZWRUb1NjaUNvbXAvRHVib2lzMjAwMi5wZGbSFwsYGVdOUy5kYXRhTxECUAAAAAACUAACAAAMTWFjaW50b3NoIEhEAAAAAAAAAAAAAAAAAAAAzpdzg0grAAACkcTTDkR1Ym9pczIwMDIucGRmAAAAAAAAAAAAAAAAAAAAAAAAAAAAAAAAAAAAAAAAAAAAAAAAAAAAAAAAAAAAAAAAAAKRxQvQISxAAAAAAAAAAAAABAAHAAAJIAAAAAAAAAAAAAAAAAAAAB9QYXBlcnNPblNvZnRFbmdBcHBsaWVkVG9TY2lDb21wAAAQAAgAAM6Xq8MAAAARAAgAANAhZIAAAAABACQCkcTTApHEqAKRxKYCkcR3ApHEdQKRxEwAEhWnAAj3ZgACZI4AAgCKTWFjaW50b3NoIEhEOlVzZXJzOgBzbWl0aHM6AFJlcG9zOgBtbXNjT0xEX1NWTjoARG9tYWluWDoAWmhlbmcgWmVuZzoAV3JpdGluZ3M6AFJlZmVyZW5jZXM6AFBhcGVyc09uU29mdEVuZ0FwcGxpZWRUb1NjaUNvbXA6AER1Ym9pczIwMDIucGRmAA4AHgAOAEQAdQBiAG8AaQBzADIAMAAwADIALgBwAGQAZgAPABoADABNAGEAYwBpAG4AdABvAHMAaAAgAEgARAASAHRVc2Vycy9zbWl0aHMvUmVwb3MvbW1zY09MRF9TVk4vRG9tYWluWC9aaGVuZyBaZW5nL1dyaXRpbmdzL1JlZmVyZW5jZXMvUGFwZXJzT25Tb2Z0RW5nQXBwbGllZFRvU2NpQ29tcC9EdWJvaXMyMDAyLnBkZgATAAEvAAAVAAIADf//AACABtIbHB0eWiRjbGFzc25hbWVYJGNsYXNzZXNdTlNNdXRhYmxlRGF0YaMdHyBWTlNEYXRhWE5TT2JqZWN00hscIiNcTlNEaWN0aW9uYXJ5oiIgXxAPTlNLZXllZEFyY2hpdmVy0SYnVHJvb3SAAQAIABEAGgAjAC0AMgA3AEAARgBNAFUAYABnAGoAbABuAHEAcwB1AHcAhACOAP4BAwELA18DYQNmA3EDegOIA4wDkwOcA6EDrgOxA8MDxgPLAAAAAAAAAgEAAAAAAAAAKAAAAAAAAAAAAAAAAAAAA80=}}

@phdthesis{Yu2011,
	Address = {Hamilton, ON, Canada},
	Author = {Wen Yu},
	Date-Added = {2016-01-25 19:26:15 +0000},
	Date-Modified = {2016-01-25 19:26:15 +0000},
	School = {McMaster University},
	Title = {{FASCS}: A Family Approach for Developing Scientific Computing Software},
	Year = {2011},
	Bdsk-File-1 = {YnBsaXN0MDDUAQIDBAUGJCVYJHZlcnNpb25YJG9iamVjdHNZJGFyY2hpdmVyVCR0b3ASAAGGoKgHCBMUFRYaIVUkbnVsbNMJCgsMDxJXTlMua2V5c1pOUy5vYmplY3RzViRjbGFzc6INDoACgAOiEBGABIAFgAdccmVsYXRpdmVQYXRoWWFsaWFzRGF0YV8QKC4uLy4uLy4uLy4uL3BtZy9QaEQvVGhlc2lzL1BoRHRoZXNpcy5wZGbSFwsYGVdOUy5kYXRhTxEBnAAAAAABnAACAAAMTWFjaW50b3NoIEhEAAAAAAAAAAAAAAAAAAAAzpdzg0grAAAE4FY4DVBoRHRoZXNpcy5wZGYAAAAAAAAAAAAAAAAAAAAAAAAAAAAAAAAAAAAAAAAAAAAAAAAAAAAAAAAAAAAAAAAAAATgWirRMZcCAAAAAAAAAAAABAAEAAAJIAAAAAAAAAAAAAAAAAAAAAZUaGVzaXMAEAAIAADOl6vDAAAAEQAIAADRMc9CAAAAAQAYBOBWOATgVUkE4FFCABIVpwAI92YAAmSOAAIAQk1hY2ludG9zaCBIRDpVc2VyczoAc21pdGhzOgBSZXBvczoAcG1nOgBQaEQ6AFRoZXNpczoAUGhEdGhlc2lzLnBkZgAOABwADQBQAGgARAB0AGgAZQBzAGkAcwAuAHAAZABmAA8AGgAMAE0AYQBjAGkAbgB0AG8AcwBoACAASABEABIAL1VzZXJzL3NtaXRocy9SZXBvcy9wbWcvUGhEL1RoZXNpcy9QaER0aGVzaXMucGRmAAATAAEvAAAVAAIADf//AACABtIbHB0eWiRjbGFzc25hbWVYJGNsYXNzZXNdTlNNdXRhYmxlRGF0YaMdHyBWTlNEYXRhWE5TT2JqZWN00hscIiNcTlNEaWN0aW9uYXJ5oiIgXxAPTlNLZXllZEFyY2hpdmVy0SYnVHJvb3SAAQAIABEAGgAjAC0AMgA3AEAARgBNAFUAYABnAGoAbABuAHEAcwB1AHcAhACOALkAvgDGAmYCaAJtAngCgQKPApMCmgKjAqgCtQK4AsoCzQLSAAAAAAAAAgEAAAAAAAAAKAAAAAAAAAAAAAAAAAAAAtQ=}}

@article{WilsonEtAl2013,
	Author = {Greg Wilson and D.A. Aruliah and C. Titus Brown and Neil P. Chue Hong and Matt Davis and Richard T. Guy and Steven H.D. Haddock and Kathryn D. Huff and Ian M. Mitchell and Mark D. Plumblet and Ben Waugh and Ethan P. White and Paul Wilson},
	Bibsource = {DBLP, http://dblp.uni-trier.de},
	Date-Added = {2016-01-25 19:26:06 +0000},
	Date-Modified = {2016-01-25 19:26:06 +0000},
	Ee = {http://arxiv.org/abs/1210.0530},
	Journal = {CoRR},
	Title = {Best Practices for Scientific Computing},
	Volume = {abs/1210.0530},
	Year = {2013},
	Bdsk-File-1 = {YnBsaXN0MDDUAQIDBAUGJCVYJHZlcnNpb25YJG9iamVjdHNZJGFyY2hpdmVyVCR0b3ASAAGGoKgHCBMUFRYaIVUkbnVsbNMJCgsMDxJXTlMua2V5c1pOUy5vYmplY3RzViRjbGFzc6INDoACgAOiEBGABIAFgAdccmVsYXRpdmVQYXRoWWFsaWFzRGF0YV8QOi4uLy4uLy4uLy4uLy4uL1dvcmsvUmVzZWFyY2gvUmVmZXJlbmNlcy9XaWxzb25FdEFsMjAxMy5wZGbSFwsYGVdOUy5kYXRhTxEBtgAAAAABtgACAAAMTWFjaW50b3NoIEhEAAAAAAAAAAAAAAAAAAAAzpdzg0grAAAAFwIMEldpbHNvbkV0QWwyMDEzLnBkZgAAAAAAAAAAAAAAAAAAAAAAAAAAAAAAAAAAAAAAAAAAAAAAAAAAAAAAAAAAAALYZiPQPnKfAAAAAAAAAAAABQAEAAAJIAAAAAAAAAAAAAAAAAAAAApSZWZlcmVuY2VzABAACAAAzperwwAAABEACAAA0D6q3wAAAAEAFAAXAgwAFwBNABb97QAI92YAAmSOAAIASk1hY2ludG9zaCBIRDpVc2VyczoAc21pdGhzOgBXb3JrOgBSZXNlYXJjaDoAUmVmZXJlbmNlczoAV2lsc29uRXRBbDIwMTMucGRmAA4AJgASAFcAaQBsAHMAbwBuAEUAdABBAGwAMgAwADEAMwAuAHAAZABmAA8AGgAMAE0AYQBjAGkAbgB0AG8AcwBoACAASABEABIAOFVzZXJzL3NtaXRocy9Xb3JrL1Jlc2VhcmNoL1JlZmVyZW5jZXMvV2lsc29uRXRBbDIwMTMucGRmABMAAS8AABUAAgAN//8AAIAG0hscHR5aJGNsYXNzbmFtZVgkY2xhc3Nlc11OU011dGFibGVEYXRhox0fIFZOU0RhdGFYTlNPYmplY3TSGxwiI1xOU0RpY3Rpb25hcnmiIiBfEA9OU0tleWVkQXJjaGl2ZXLRJidUcm9vdIABAAgAEQAaACMALQAyADcAQABGAE0AVQBgAGcAagBsAG4AcQBzAHUAdwCEAI4AywDQANgCkgKUApkCpAKtArsCvwLGAs8C1ALhAuQC9gL5Av4AAAAAAAACAQAAAAAAAAAoAAAAAAAAAAAAAAAAAAADAA==}}

@inproceedings{Segal2008,
	Address = {Leipzig, Germany},
	Author = {Judith Segal},
	Booktitle = {Proceedings of the First International Workshop on Software Engineering for Computational Science and Engineering (SECSE 2008)},
	Date-Added = {2016-01-25 19:25:57 +0000},
	Date-Modified = {2016-01-25 19:25:57 +0000},
	Organization = {In conjunction with the 30th International Conference on Software Engineering (ICSE)},
	Pages = {1--6},
	Title = {Models of Scientific Software Development},
	Url = {http://www.cse.msstate.edu/~SECSE08/schedule.htm},
	Year = {2008},
	Bdsk-File-1 = {YnBsaXN0MDDUAQIDBAUGJCVYJHZlcnNpb25YJG9iamVjdHNZJGFyY2hpdmVyVCR0b3ASAAGGoKgHCBMUFRYaIVUkbnVsbNMJCgsMDxJXTlMua2V5c1pOUy5vYmplY3RzViRjbGFzc6INDoACgAOiEBGABIAFgAdccmVsYXRpdmVQYXRoWWFsaWFzRGF0YV8QNS4uLy4uLy4uLy4uLy4uL1dvcmsvUmVzZWFyY2gvUmVmZXJlbmNlcy9TZWdhbDIwMDgucGRm0hcLGBlXTlMuZGF0YU8RAaQAAAAAAaQAAgAADE1hY2ludG9zaCBIRAAAAAAAAAAAAAAAAAAAAM6Xc4NIKwAAABcCDA1TZWdhbDIwMDgucGRmAAAAAAAAAAAAAAAAAAAAAAAAAAAAAAAAAAAAAAAAAAAAAAAAAAAAAAAAAAAAAAAAAAADuN1l0KzCSAAAAAAAAAAAAAUABAAACSAAAAAAAAAAAAAAAAAAAAAKUmVmZXJlbmNlcwAQAAgAAM6Xq8MAAAARAAgAANCtCJgAAAABABQAFwIMABcATQAW/e0ACPdmAAJkjgACAEVNYWNpbnRvc2ggSEQ6VXNlcnM6AHNtaXRoczoAV29yazoAUmVzZWFyY2g6AFJlZmVyZW5jZXM6AFNlZ2FsMjAwOC5wZGYAAA4AHAANAFMAZQBnAGEAbAAyADAAMAA4AC4AcABkAGYADwAaAAwATQBhAGMAaQBuAHQAbwBzAGgAIABIAEQAEgAzVXNlcnMvc21pdGhzL1dvcmsvUmVzZWFyY2gvUmVmZXJlbmNlcy9TZWdhbDIwMDgucGRmAAATAAEvAAAVAAIADf//AACABtIbHB0eWiRjbGFzc25hbWVYJGNsYXNzZXNdTlNNdXRhYmxlRGF0YaMdHyBWTlNEYXRhWE5TT2JqZWN00hscIiNcTlNEaWN0aW9uYXJ5oiIgXxAPTlNLZXllZEFyY2hpdmVy0SYnVHJvb3SAAQAIABEAGgAjAC0AMgA3AEAARgBNAFUAYABnAGoAbABuAHEAcwB1AHcAhACOAMYAywDTAnsCfQKCAo0ClgKkAqgCrwK4Ar0CygLNAt8C4gLnAAAAAAAAAgEAAAAAAAAAKAAAAAAAAAAAAAAAAAAAAuk=},
	Bdsk-Url-1 = {http://secse08.cs.ua.edu/schedule.htm}}

@book{Roache1998,
	Address = {Albuquerque, New Mexico},
	Author = {Patrick J. Roache},
	Date-Added = {2016-01-25 19:25:45 +0000},
	Date-Modified = {2016-01-25 19:25:45 +0000},
	Publisher = {Hermosa Publishers},
	Title = {Verification and Validation in Computational Science and Engineering},
	Year = {1998}}

@article{HatcliffEtAl2009,
	Abstract = {In August of 2007 and December of 2007, North American academic researchers,
	industry representatives and regulators were invited to meetings
	in Washington and Minneapolis, respectively, with the goal of forming
	a Software Certification Consortium (SCC). At the first meeting,
	objectives were established for the consortium and a certification
	grand challenge was issued. At the second meeting, all participants
	were asked to complete the statement: ``Software certification is
	hard because . . .''. The group then synthesized the results into
	a ``Top 9'' list by means of discussion and voting. In this article,
	we describe the goals that we believe should be the goals of SCC,
	via details of these Top 9 hurdles that are preventing us from making
	software certification part of the mainstream},
	Author = {Hatcliff, John and Heimdahl, Mats and Lawford, Mark and Maibaum, Tom and Wassyng, Alan and Wurden, Fred},
	Date-Added = {2016-01-25 19:25:35 +0000},
	Date-Modified = {2016-01-25 19:25:35 +0000},
	Doi = {10.1016/j.entcs.2009.09.002},
	File = {:Users/gonzalo/McSCert/scc/ref/McSCert/A Software Certification Consortium and its Top 9 Hurdles (safecert08).pdf:pdf},
	Issn = {1571-0661},
	Journal = {Electronic Notes in Theoretical Computer Science},
	Keywords = {formal methods,objectives,projects,scc,software certification consortium},
	Number = {4},
	Pages = {11--17},
	Publisher = {Elsevier},
	Title = {A Software Certification Consortium and its Top 9 Hurdles},
	Url = {http://linkinghub.elsevier.com/retrieve/pii/S1571066109003570},
	Volume = {238},
	Year = {2009},
	Bdsk-File-1 = {YnBsaXN0MDDUAQIDBAUGJCVYJHZlcnNpb25YJG9iamVjdHNZJGFyY2hpdmVyVCR0b3ASAAGGoKgHCBMUFRYaIVUkbnVsbNMJCgsMDxJXTlMua2V5c1pOUy5vYmplY3RzViRjbGFzc6INDoACgAOiEBGABIAFgAdccmVsYXRpdmVQYXRoWWFsaWFzRGF0YV8QPC4uLy4uLy4uLy4uLy4uL1dvcmsvUmVzZWFyY2gvUmVmZXJlbmNlcy9IYXRjbGlmZkV0QWwyMDA5LnBkZtIXCxgZV05TLmRhdGFPEQG+AAAAAAG+AAIAAAxNYWNpbnRvc2ggSEQAAAAAAAAAAAAAAAAAAADOl3ODSCsAAAAXAgwUSGF0Y2xpZmZFdEFsMjAwOS5wZGYAAAAAAAAAAAAAAAAAAAAAAAAAAAAAAAAAAAAAAAAAAAAAAAAAAAAAAAAAApcPj9AkrS8AAAAAAAAAAAAFAAQAAAkgAAAAAAAAAAAAAAAAAAAAClJlZmVyZW5jZXMAEAAIAADOl6vDAAAAEQAIAADQJOVvAAAAAQAUABcCDAAXAE0AFv3tAAj3ZgACZI4AAgBMTWFjaW50b3NoIEhEOlVzZXJzOgBzbWl0aHM6AFdvcms6AFJlc2VhcmNoOgBSZWZlcmVuY2VzOgBIYXRjbGlmZkV0QWwyMDA5LnBkZgAOACoAFABIAGEAdABjAGwAaQBmAGYARQB0AEEAbAAyADAAMAA5AC4AcABkAGYADwAaAAwATQBhAGMAaQBuAHQAbwBzAGgAIABIAEQAEgA6VXNlcnMvc21pdGhzL1dvcmsvUmVzZWFyY2gvUmVmZXJlbmNlcy9IYXRjbGlmZkV0QWwyMDA5LnBkZgATAAEvAAAVAAIADf//AACABtIbHB0eWiRjbGFzc25hbWVYJGNsYXNzZXNdTlNNdXRhYmxlRGF0YaMdHyBWTlNEYXRhWE5TT2JqZWN00hscIiNcTlNEaWN0aW9uYXJ5oiIgXxAPTlNLZXllZEFyY2hpdmVy0SYnVHJvb3SAAQAIABEAGgAjAC0AMgA3AEAARgBNAFUAYABnAGoAbABuAHEAcwB1AHcAhACOAM0A0gDaApwCngKjAq4CtwLFAskC0ALZAt4C6wLuAwADAwMIAAAAAAAAAgEAAAAAAAAAKAAAAAAAAAAAAAAAAAAAAwo=},
	Bdsk-Url-1 = {http://dx.doi.org/10.1016/j.entcs.2009.09.002}}

@article{SmithAndKoothoor2016,
	Author = {Spencer Smith and Nirmitha Koothoor},
	Date-Added = {2016-01-25 19:24:36 +0000},
	Date-Modified = {2016-01-25 19:24:36 +0000},
	Journal = {Nuclear Engineering and Technology},
	Note = {42 pp},
	Title = {A Document Driven Method for Certifying Scientific Computing Software Used in Nuclear Safety Analysis},
	Volume = {Accepted},
	Year = {2016},
	Bdsk-File-1 = {YnBsaXN0MDDUAQIDBAUGJCVYJHZlcnNpb25YJG9iamVjdHNZJGFyY2hpdmVyVCR0b3ASAAGGoKgHCBMUFRYaIVUkbnVsbNMJCgsMDxJXTlMua2V5c1pOUy5vYmplY3RzViRjbGFzc6INDoACgAOiEBGABIAFgAdccmVsYXRpdmVQYXRoWWFsaWFzRGF0YV8QPS4uLy4uLy4uLy4uL3NjYy9TbWl0aEFuZEtvb3Rob29yMjAxNi9TbWl0aEFuZEtvb3Rob29yMjAxNi5wZGbSFwsYGVdOUy5kYXRhTxEB5AAAAAAB5AACAAAMTWFjaW50b3NoIEhEAAAAAAAAAAAAAAAAAAAAzpdzg0grAAAFfh49GFNtaXRoQW5kS29vdGhvb3IyMDE2LnBkZgAAAAAAAAAAAAAAAAAAAAAAAAAAAAAAAAAAAAAAAAAAAAAAAAAAAAgiCzLSxldvAAAAAAAAAAAABAADAAAJIAAAAAAAAAAAAAAAAAAAABRTbWl0aEFuZEtvb3Rob29yMjAxNgAQAAgAAM6Xq8MAAAARAAgAANLGnb8AAAABABQFfh49AC3Z4QASFacACPdmAAJkjgACAFZNYWNpbnRvc2ggSEQ6VXNlcnM6AHNtaXRoczoAUmVwb3M6AHNjYzoAU21pdGhBbmRLb290aG9vcjIwMTY6AFNtaXRoQW5kS29vdGhvb3IyMDE2LnBkZgAOADIAGABTAG0AaQB0AGgAQQBuAGQASwBvAG8AdABoAG8AbwByADIAMAAxADYALgBwAGQAZgAPABoADABNAGEAYwBpAG4AdABvAHMAaAAgAEgARAASAERVc2Vycy9zbWl0aHMvUmVwb3Mvc2NjL1NtaXRoQW5kS29vdGhvb3IyMDE2L1NtaXRoQW5kS29vdGhvb3IyMDE2LnBkZgATAAEvAAAVAAIADf//AACABtIbHB0eWiRjbGFzc25hbWVYJGNsYXNzZXNdTlNNdXRhYmxlRGF0YaMdHyBWTlNEYXRhWE5TT2JqZWN00hscIiNcTlNEaWN0aW9uYXJ5oiIgXxAPTlNLZXllZEFyY2hpdmVy0SYnVHJvb3SAAQAIABEAGgAjAC0AMgA3AEAARgBNAFUAYABnAGoAbABuAHEAcwB1AHcAhACOAM4A0wDbAsMCxQLKAtUC3gLsAvAC9wMAAwUDEgMVAycDKgMvAAAAAAAAAgEAAAAAAAAAKAAAAAAAAAAAAAAAAAAAAzE=},
	Bdsk-Url-1 = {http://www.sciencedirect.com/science/article/pii/S1738573315002582}}

@article{bowman:reasoning,
	Author = {Mic Bowman and Saumya K. Debray and Larry L. Peterson},
	Journal = {ACM Trans. Program. Lang. Syst.},
	Month = {November},
	Number = {5},
	Pages = {795-825},
	Title = {Reasoning About Naming Systems},
	Volume = {15},
	Year = {1993}}

@article{braams:babel,
	Author = {Johannes Braams},
	Journal = {TUGboat},
	Month = {June},
	Number = {2},
	Pages = {291-301},
	Title = {Babel, a Multilingual Style-Option System for Use with LaTeX's Standard Document Styles},
	Volume = {12},
	Year = {1991}}

@inproceedings{clark:pct,
	Author = {Malcolm Clark},
	Booktitle = {TeX90 Conference Proceedings},
	Month = {March},
	Organization = {TeX Users Group},
	Pages = {84-89},
	Title = {Post Congress Tristesse},
	Year = {1991}}

@article{herlihy:methodology,
	Author = {Maurice Herlihy},
	Journal = {ACM Trans. Program. Lang. Syst.},
	Month = {November},
	Number = {5},
	Pages = {745-770},
	Title = {A Methodology for Implementing Highly Concurrent Data Objects},
	Volume = {15},
	Year = {1993}}

@book{Lamport:LaTeX,
	Address = {Reading, Massachusetts},
	Author = {Leslie Lamport},
	Publisher = {Addison-Wesley Publishing Company},
	Title = {LaTeX User's Guide and Document Reference Manual},
	Year = {1986}}

@book{salas:calculus,
	Address = {New York},
	Author = {S.L. Salas and Einar Hille},
	Publisher = {John Wiley and Sons},
	Title = {Calculus: One and Several Variable},
	Year = {1978}}
  
@book{FeigenbaumAndMcCorduck1983,
  title={The fifth generation},
  author={Feigenbaum, Edward A and McCorduck, Pamela},
  year={1983},
  publisher={Addison-Wesley}
}

@mastersthesis{Szymczak2014,
  Title = {{Generating Learning Algorithms: Hidden Markov Models as a Case Study}},
  Author = {Szymczak, Daniel},
  School = {McMaster University},
  Address = {Hamilton, ON, Canada},
  Year = {2014}
}

@inproceedings{SAGA:DSL,
  author    = {Lucas Beyak and
               Jacques Carette},
  title     = {{SAGA}: A {DSL} for Story Management},
  booktitle = {DSL},
  year      = {2011},
  pages     = {48-67},
  ee        = {http://dx.doi.org/10.4204/EPTCS.66.3},
  crossref  = {DBLP:journals/corr/abs-1109-0323},
  bibsource = {DBLP, http://dblp.uni-trier.de}
}

@proceedings{DBLP:journals/corr/abs-1109-0323,
  editor    = {Olivier Danvy and
               Chung-chieh Shan},
  title     = {Proceedings IFIP Working Conference on Domain-Specific Languages},
  booktitle = {DSL},
  series    = {EPTCS},
  volume    = {66},
  year      = {2011},
  ee        = {http://dx.doi.org/10.4204/EPTCS.66},
  bibsource = {DBLP, http://dblp.uni-trier.de}
}

@techreport{CSA1999,
	Address = {178 Rexdale Blvd.\ Etobicoke, Ontario, Canada M9W 1R3},
	Author = {CSA},
	Date-Added = {2014-11-17 16:33:26 +0000},
	Date-Modified = {2014-11-17 16:33:26 +0000},
	Institution = {Canadian Standards Association},
	Number = {N286.7-99},
	Title = {Quality assurance of analytical, scientific, and design computer programs for nuclear power plants},
	Year = {1999},
	Bdsk-File-1 = {YnBsaXN0MDDUAQIDBAUGJCVYJHZlcnNpb25YJG9iamVjdHNZJGFyY2hpdmVyVCR0b3ASAAGGoKgHCBMUFRYaIVUkbnVsbNMJCgsMDxJXTlMua2V5c1pOUy5vYmplY3RzViRjbGFzc6INDoACgAOiEBGABIAFgAdccmVsYXRpdmVQYXRoWWFsaWFzRGF0YV5DU0EgTjI4NiA3LnBkZtIXCxgZV05TLmRhdGFPEQGMAAAAAAGMAAIAAAxNYWNpbnRvc2ggSEQAAAAAAAAAAAAAAAAAAAAAAAAAQkQAAf////8OQ1NBIE4yODYgNy5wZGYAAAAAAAAAAAAAAAAAAAAAAAAAAAAAAAAAAAAAAAAAAAAAAAAAAAAAAAAAAAAAAAAA/////wAAAAAAAAAAAAAAAAABAAIAAAogY3UAAAAAAAAAAAAAAAAAF1NjaUNvbXBBbmRTb2Z0RW5nUGFwZXJzAAACAEEvOlVzZXJzOnNtaXRoczpSZXBvczpzZTRzYzpTY2lDb21wQW5kU29mdEVuZ1BhcGVyczpDU0EgTjI4NiA3LnBkZgAADgAeAA4AQwBTAEEAIABOADIAOAA2ACAANwAuAHAAZABmAA8AGgAMAE0AYQBjAGkAbgB0AG8AcwBoACAASABEABIAP1VzZXJzL3NtaXRocy9SZXBvcy9zZTRzYy9TY2lDb21wQW5kU29mdEVuZ1BhcGVycy9DU0EgTjI4NiA3LnBkZgAAEwABLwAAFQACAA3//wAAgAbSGxwdHlokY2xhc3NuYW1lWCRjbGFzc2VzXU5TTXV0YWJsZURhdGGjHR8gVk5TRGF0YVhOU09iamVjdNIbHCIjXE5TRGljdGlvbmFyeaIiIF8QD05TS2V5ZWRBcmNoaXZlctEmJ1Ryb290gAEACAARABoAIwAtADIANwBAAEYATQBVAGAAZwBqAGwAbgBxAHMAdQB3AIQAjgCdAKIAqgI6AjwCQQJMAlUCYwJnAm4CdwJ8AokCjAKeAqECpgAAAAAAAAIBAAAAAAAAACgAAAAAAAAAAAAAAAAAAAKo}}

@techreport{CSA2009,
	Address = {5060 Spectrum Way, Suite 100, Mississauga, Ontario, Canada L4W 5N6, 1-800-463-6727},
	Author = {CSA},
	Date-Added = {2014-11-17 16:33:26 +0000},
	Date-Modified = {2014-11-17 16:33:26 +0000},
	Institution = {Canadian Standards Association},
	Number = {N286.7.1-09},
	Title = {Guideline for the application of {N286.7-99}, Quality assurance of analytical, scientific, and design computer programs for nuclear power plants},
	Year = {2009},
	Bdsk-File-1 = {YnBsaXN0MDDUAQIDBAUGJCVYJHZlcnNpb25YJG9iamVjdHNZJGFyY2hpdmVyVCR0b3ASAAGGoKgHCBMUFRYaIVUkbnVsbNMJCgsMDxJXTlMua2V5c1pOUy5vYmplY3RzViRjbGFzc6INDoACgAOiEBGABIAFgAdccmVsYXRpdmVQYXRoWWFsaWFzRGF0YV8QE0NTQSBOMjg2IDcgMS0wOS5wZGbSFwsYGVdOUy5kYXRhTxEBngAAAAABngACAAAMTWFjaW50b3NoIEhEAAAAAAAAAAAAAAAAAAAAAAAAAEJEAAH/////E0NTQSBOMjg2IDcgMS0wOS5wZGYAAAAAAAAAAAAAAAAAAAAAAAAAAAAAAAAAAAAAAAAAAAAAAAAAAAAAAAAAAP////8AAAAAAAAAAAAAAAAAAQACAAAKIGN1AAAAAAAAAAAAAAAAABdTY2lDb21wQW5kU29mdEVuZ1BhcGVycwAAAgBGLzpVc2VyczpzbWl0aHM6UmVwb3M6c2U0c2M6U2NpQ29tcEFuZFNvZnRFbmdQYXBlcnM6Q1NBIE4yODYgNyAxLTA5LnBkZgAOACgAEwBDAFMAQQAgAE4AMgA4ADYAIAA3ACAAMQAtADAAOQAuAHAAZABmAA8AGgAMAE0AYQBjAGkAbgB0AG8AcwBoACAASABEABIARFVzZXJzL3NtaXRocy9SZXBvcy9zZTRzYy9TY2lDb21wQW5kU29mdEVuZ1BhcGVycy9DU0EgTjI4NiA3IDEtMDkucGRmABMAAS8AABUAAgAN//8AAIAG0hscHR5aJGNsYXNzbmFtZVgkY2xhc3Nlc11OU011dGFibGVEYXRhox0fIFZOU0RhdGFYTlNPYmplY3TSGxwiI1xOU0RpY3Rpb25hcnmiIiBfEA9OU0tleWVkQXJjaGl2ZXLRJidUcm9vdIABAAgAEQAaACMALQAyADcAQABGAE0AVQBgAGcAagBsAG4AcQBzAHUAdwCEAI4ApACpALECUwJVAloCZQJuAnwCgAKHApAClQKiAqUCtwK6Ar8AAAAAAAACAQAAAAAAAAAoAAAAAAAAAAAAAAAAAAACwQ==}}

@techreport{CDRH2002,
	Address = {York, England},
	Author = {{Center for Devices and Radiological Health, CDRH}},
	Date-Added = {2017-09-28 14:24:37 +0000},
	Date-Modified = {2017-09-28 14:24:37 +0000},
	Institution = {{US} Department Of Health and Human Services Food and Drug Administration Center for Devices and Radiological Health Center for Biologics Evaluation and Research},
	Month = {January},
	Title = {General Principles of Software Validation; Final Guidance for Industry and {FDA} Staff},
	Year = {2002},
	Bdsk-File-1 = {YnBsaXN0MDDUAQIDBAUGJCVYJHZlcnNpb25YJG9iamVjdHNZJGFyY2hpdmVyVCR0b3ASAAGGoKgHCBMUFRYaIVUkbnVsbNMJCgsMDxJXTlMua2V5c1pOUy5vYmplY3RzViRjbGFzc6INDoACgAOiEBGABIAFgAdccmVsYXRpdmVQYXRoWWFsaWFzRGF0YV8QMi4uL0dyYWRTdHVkZW50cy9Nb2pkZWgvUGFwZXJzL1VTRGVwdEhlYWx0aDIwMDIucGRm0hcLGBlXTlMuZGF0YU8RAZYAAAAAAZYAAgAADE1hY2ludG9zaCBIRAAAAAAAAAAAAAAAAAAAAAAAAABCRAAB/////xRVU0RlcHRIZWFsdGgyMDAyLnBkZgAAAAAAAAAAAAAAAAAAAAAAAAAAAAAAAAAAAAAAAAAAAAAAAAAAAAAAAAD/////AAAAAAAAAAAAAAAAAAEABAAACiBjdQAAAAAAAAAAAAAAAAAGUGFwZXJzAAIASi86VXNlcnM6c21pdGhzOlJlcG9zOnNlNHNjOkdyYWRTdHVkZW50czpNb2pkZWg6UGFwZXJzOlVTRGVwdEhlYWx0aDIwMDIucGRmAA4AKgAUAFUAUwBEAGUAcAB0AEgAZQBhAGwAdABoADIAMAAwADIALgBwAGQAZgAPABoADABNAGEAYwBpAG4AdABvAHMAaAAgAEgARAASAEhVc2Vycy9zbWl0aHMvUmVwb3Mvc2U0c2MvR3JhZFN0dWRlbnRzL01vamRlaC9QYXBlcnMvVVNEZXB0SGVhbHRoMjAwMi5wZGYAEwABLwAAFQACAA3//wAAgAbSGxwdHlokY2xhc3NuYW1lWCRjbGFzc2VzXU5TTXV0YWJsZURhdGGjHR8gVk5TRGF0YVhOU09iamVjdNIbHCIjXE5TRGljdGlvbmFyeaIiIF8QD05TS2V5ZWRBcmNoaXZlctEmJ1Ryb290gAEACAARABoAIwAtADIANwBAAEYATQBVAGAAZwBqAGwAbgBxAHMAdQB3AIQAjgDDAMgA0AJqAmwCcQJ8AoUCkwKXAp4CpwKsArkCvALOAtEC1gAAAAAAAAIBAAAAAAAAACgAAAAAAAAAAAAAAAAAAALY}}

@misc{FDA2014,
	Author = {{U.S. Food and Drug Administration}},
	Date-Added = {2017-09-28 14:24:37 +0000},
	Date-Modified = {2017-09-28 14:24:37 +0000},
	Howpublished = {on-line},
	Month = {December},
	Title = {Infusion Pumps Total Product Life Cycle: Guidance for Industry and FDA Staff},
	Year = {2014},
	Bdsk-File-1 = {YnBsaXN0MDDUAQIDBAUGJCVYJHZlcnNpb25YJG9iamVjdHNZJGFyY2hpdmVyVCR0b3ASAAGGoKgHCBMUFRYaIVUkbnVsbNMJCgsMDxJXTlMua2V5c1pOUy5vYmplY3RzViRjbGFzc6INDoACgAOiEBGABIAFgAdccmVsYXRpdmVQYXRoWWFsaWFzRGF0YV8QKS4uL0dyYWRTdHVkZW50cy9Nb2pkZWgvUGFwZXJzL0ZEQTIwMTQucGRm0hcLGBlXTlMuZGF0YU8RAXQAAAAAAXQAAgAADE1hY2ludG9zaCBIRAAAAAAAAAAAAAAAAAAAAAAAAABCRAAB/////wtGREEyMDE0LnBkZgAAAAAAAAAAAAAAAAAAAAAAAAAAAAAAAAAAAAAAAAAAAAAAAAAAAAAAAAAAAAAAAAAAAAD/////AAAAAAAAAAAAAAAAAAEABAAACiBjdQAAAAAAAAAAAAAAAAAGUGFwZXJzAAIAQS86VXNlcnM6c21pdGhzOlJlcG9zOnNlNHNjOkdyYWRTdHVkZW50czpNb2pkZWg6UGFwZXJzOkZEQTIwMTQucGRmAAAOABgACwBGAEQAQQAyADAAMQA0AC4AcABkAGYADwAaAAwATQBhAGMAaQBuAHQAbwBzAGgAIABIAEQAEgA/VXNlcnMvc21pdGhzL1JlcG9zL3NlNHNjL0dyYWRTdHVkZW50cy9Nb2pkZWgvUGFwZXJzL0ZEQTIwMTQucGRmAAATAAEvAAAVAAIADf//AACABtIbHB0eWiRjbGFzc25hbWVYJGNsYXNzZXNdTlNNdXRhYmxlRGF0YaMdHyBWTlNEYXRhWE5TT2JqZWN00hscIiNcTlNEaWN0aW9uYXJ5oiIgXxAPTlNLZXllZEFyY2hpdmVy0SYnVHJvb3SAAQAIABEAGgAjAC0AMgA3AEAARgBNAFUAYABnAGoAbABuAHEAcwB1AHcAhACOALoAvwDHAj8CQQJGAlECWgJoAmwCcwJ8AoECjgKRAqMCpgKrAAAAAAAAAgEAAAAAAAAAKAAAAAAAAAAAAAAAAAAAAq0=}}

@book{Durkin1994,
  title={Expert systems: design and development},
  author={Durkin, John},
  year={1994},
  publisher={Macmillan Coll Div}
}

