@article{Carette2009,
  title     = {Finally tagless, partially evaluated: Tagless staged interpreters for simpler typed languages},
  author    = {Carette, Jacques and Kiselyov, Oleg and Shan, Chung-chieh},
  journal   = {Journal of Functional Programming},
  volume    = {19},
  number    = {5},
  pages     = {509--543},
  year      = {2009},
  publisher = {Cambridge University Press}
}

@inproceedings{Carette2020GOOL,
  title     = {GOOL: a generic object-oriented language},
  author    = {Carette, Jacques and MacLachlan, Brooks and Smith, W. Spencer},
  booktitle = {Proceedings of the 2020 ACM SIGPLAN Workshop on Partial Evaluation and Program Manipulation},
  pages     = {45--51},
  year      = {2020}
}

@inproceedings{Smith2018,
  title     = {Beyond Software Carpentry},
  author    = {W. Spencer Smith},
  booktitle = {2018 International Workshop on Software Engineering for Science (held in conjunction with ICSE'18)},
  pages     = {32--39},
  year      = {2018}
}

@inproceedings{SmithAndLai2005,
  address      = {Paris, France},
  author       = {W. Spencer Smith and Lei
                  Lai},
  booktitle    = {Proceedings of the First International Workshop on
                  Situational Requirements Engineering Processes -- Methods, Techniques and
                  Tools to Support Situation-Specific Requirements Engineering Processes,
                  SREP'05},
  organization = {In conjunction with 13th IEEE International Requirements
                  Engineering Conference},
  pages        = {107--121},
  title        = {A New
                  Requirements Template for Scientific Computing},
  year         = {2005}
}

@inproceedings{SzymczakEtAl2016,
  address   = {Austin, Texas, United States},
  author    = {Daniel Szymczak and W. Spencer Smith and Jacques Carette},
  booktitle = {Proceedings of SE4Science'16 in conjunction with the International Conference on Software Engineering (ICSE)},
  month     = may,
  title     = {Position Paper: A Knowledge-Based Approach to Scientific Software Development},
  year      = {2016}
}
