@article{chen2005,
author={Qian, Q. H. and Zhu, D. Y. and Lee, C. F. and Chen, G. R.},
title={A concise algorithm for computing the factor of safety using the morgenstern price method},
journal={Canadian Geotechnical Journal},
year={2005},
month={feb},
volume={42},
number={1},
pages={"272-278"}}

@article{fredlund1977,
author={Fredlund, D. G. and Krahn, J.},
title={Comparison of slope stability methods of analysis},
journal={Canadian Geotechnical Journal},
year={1977},
month={apr},
pages={"429-439"},
volume={14},
number={3}}

@mastersthesis{koothoor2013,
author={Koothoor, Nirmitha},
title={A document drive approach to certifying scientific computing software},
school={McMaster University},
year={2013},
address={Hamilton, ON, Canada}}

@article{li2010,
author={Yu-Chao, Li and Yun-Min, Chen and Zhan, Tony L. T. and Sao-Sheng, Ling and Cleall, Peter John},
title={An efficient approach for locating the critical slip surface in slope stability analyses using a real-coded genetic algorithm},
journal={Canadian Geotechnical Journal},
year={2010},
month={jun},
pages={"806-820"},
volume={47},
number={7}}

@article{parnas1986,
author={Parnas, David L. and Clements, P. C.},
title={A rational design process: How and why to fake it},
journal={IEEE Transactions on Software Engineering},
year={1986},
month={feb},
volume={12},
number={2},
pages={"251-257"},
address={Washington, USA}}

@inproceedings{smithLai2005,
author={Smith, W. Spencer and Lai, Lei},
title={A new requirements template for scientific computing},
booktitle={Proceedings of the First International Workshop on Situational Requirements Engineering Processes - Methods, Techniques and Tools to Support Situation-Specific Requirements Engineering Processes, SREP'05},
year={2005},
editor={Agerfalk, PJ and Kraiem, N. and Ralyte, J.},
address={Paris, France},
pages={"107-121"},
note={In conjunction with 13th IEEE International Requirements Engineering Conference,}}

@article{stolle2008,
author={Stolle, Dieter and Guo, Peijun},
title={Limit equilibrum slope stability analysis using rigid finite elements},
journal={Canadian Geotechnical Journal},
year={2008},
month={may},
pages={"653-662"},
volume={45},
number={5}}
