%% This BibTeX bibliography file was created using BibDesk.
%% https://bibdesk.sourceforge.io/

%% Created for Spencer Smith at 2023-02-22 14:07:16 -0500 


%% Saved with string encoding Unicode (UTF-8) 



@article{UsmanEtAl2017,
	author = {Usman, Muhammad and Iqbal, Muhammad Zohaib and Khan, Muhammad Uzair},
	date-added = {2023-02-22 14:02:51 -0500},
	date-modified = {2023-02-22 14:03:05 -0500},
	doi = {10.1016/j.jss.2016.09.049},
	journal = {Journal of Systems and Software},
	month = {01},
	pages = {1-32},
	title = {A Product-line Model-driven Engineering Approach for Generating Feature-based Mobile Applications},
	volume = {123},
	year = {2017},
	bdsk-url-1 = {https://doi.org/10.1016/j.jss.2016.09.049}}
