%% This BibTeX bibliography file was created using BibDesk.
%% http://bibdesk.sourceforge.net/


%% Created for Spencer Smith at 2015-04-14 14:27:09 -0400 


%% Saved with string encoding Unicode (UTF-8) 



@inproceedings{Smith2006,
	Address = {Minneapolis / St.\ Paul, Minnesota},
	Author = {W. Spencer Smith},
	Booktitle = {Proceedings of the 14th IEEE International Requirements Engineering Conference, RE 2006},
	Date-Added = {2015-04-14 18:26:42 +0000},
	Date-Modified = {2015-04-14 18:26:42 +0000},
	Local-Url = {/Users/smiths/Work/Research/Papers/RE_2006/Smith2006_VersionAsPublished.pdf},
	Pages = {209--218},
	Title = {Systematic Development of Requirements Documentation for General Purpose Scientific Computing Software},
	Url = {http://www.ifi.unizh.ch/req/events/RE06/},
	Year = {2006},
	Bdsk-File-1 = {YnBsaXN0MDDUAQIDBAUGJCVYJHZlcnNpb25YJG9iamVjdHNZJGFyY2hpdmVyVCR0b3ASAAGGoKgHCBMUFRYaIVUkbnVsbNMJCgsMDxJXTlMua2V5c1pOUy5vYmplY3RzViRjbGFzc6INDoACgAOiEBGABIAFgAdccmVsYXRpdmVQYXRoWWFsaWFzRGF0YV8QSS4uLy4uLy4uLy4uL1dvcmsvUmVzZWFyY2gvUGFwZXJzL1JFXzIwMDYvU21pdGgyMDA2X1ZlcnNpb25Bc1B1Ymxpc2hlZC5wZGbSFwsYGVdOUy5kYXRhTxEB+AAAAAAB+AACAAAMTWFjaW50b3NoIEhEAAAAAAAAAAAAAAAAAAAAzpdzg0grAAAAFwtsH1NtaXRoMjAwNl9WZXJzaW9uQXNQIzE3ODg5Mi5wZGYAAAAAAAAAAAAAAAAAAAAAAAAAAAAAAAAAAAAAAAAAAAAXiJLPIuEzUERGIENBUk8ABAAFAAAJIAAAAAAAAAAAAAAAAAAAAAdSRV8yMDA2AAAQAAgAAM6Xq8MAAAARAAgAAM8jJ4MAAAABABgAFwtsABcCCwAXAE0AFv3tAAj3ZgACZI4AAgBcTWFjaW50b3NoIEhEOlVzZXJzOgBzbWl0aHM6AFdvcms6AFJlc2VhcmNoOgBQYXBlcnM6AFJFXzIwMDY6AFNtaXRoMjAwNl9WZXJzaW9uQXNQIzE3ODg5Mi5wZGYADgBCACAAUwBtAGkAdABoADIAMAAwADYAXwBWAGUAcgBzAGkAbwBuAEEAcwBQAHUAYgBsAGkAcwBoAGUAZAAuAHAAZABmAA8AGgAMAE0AYQBjAGkAbgB0AG8AcwBoACAASABEABIASlVzZXJzL3NtaXRocy9Xb3JrL1Jlc2VhcmNoL1BhcGVycy9SRV8yMDA2L1NtaXRoMjAwNl9WZXJzaW9uQXNQdWJsaXNoZWQucGRmABMAAS8AABUAAgAN//8AAIAG0hscHR5aJGNsYXNzbmFtZVgkY2xhc3Nlc11OU011dGFibGVEYXRhox0fIFZOU0RhdGFYTlNPYmplY3TSGxwiI1xOU0RpY3Rpb25hcnmiIiBfEA9OU0tleWVkQXJjaGl2ZXLRJidUcm9vdIABAAgAEQAaACMALQAyADcAQABGAE0AVQBgAGcAagBsAG4AcQBzAHUAdwCEAI4A2gDfAOcC4wLlAuoC9QL+AwwDEAMXAyADJQMyAzUDRwNKA08AAAAAAAACAQAAAAAAAAAoAAAAAAAAAAAAAAAAAAADUQ==},
	Bdsk-Url-1 = {http://www.ifi.unizh.ch/req/events/RE06/}}

@book{PharrAndHumphreys2004,
	Address = {San Francisco, CA, USA},
	Author = {Pharr, Matt and Humphreys, Greg},
	Date-Added = {2015-04-14 18:26:20 +0000},
	Date-Modified = {2015-04-14 18:26:20 +0000},
	Publisher = {Morgan Kaufmann Publishers Inc.},
	Title = {Physically Based Rendering: From Theory to Implementation},
	Year = 2004}

@techreport{Nedialkov2006,
	Address = {{1280 Main Street West, Hamilton, Ontario, L8S 4K1}},
	Author = {Nedialko S. Nedialkov},
	Date-Added = {2015-04-14 18:26:08 +0000},
	Date-Modified = {2015-04-14 18:26:08 +0000},
	Institution = {Department of Computing and Software, McMaster University},
	Number = {CAS-06-06-NN},
	Title = {{VNODE-LP} --- A Validated Solver for Initial Value Problems in Ordinary Differential Equations},
	Year = {2006}}

@article{Knuth1984,
	Abstract = {The author and his associates have been experimenting for the past several years with a programming language and documentation system called WEB. This paper presents WEB by example, and discusses why the new system appears to be an improvement over previous ones.},
	Author = {Knuth, D. E.},
	Date-Added = {2015-04-14 18:25:43 +0000},
	Date-Modified = {2015-04-14 18:25:43 +0000},
	Doi = {10.1093/comjnl/27.2.97},
	Eprint = {http://comjnl.oxfordjournals.org/content/27/2/97.full.pdf+html},
	Journal = {The Computer Journal},
	Number = {2},
	Pages = {97-111},
	Title = {Literate Programming},
	Url = {http://comjnl.oxfordjournals.org/content/27/2/97.abstract},
	Volume = {27},
	Year = {1984},
	Bdsk-File-1 = {YnBsaXN0MDDUAQIDBAUGJCVYJHZlcnNpb25YJG9iamVjdHNZJGFyY2hpdmVyVCR0b3ASAAGGoKgHCBMUFRYaIVUkbnVsbNMJCgsMDxJXTlMua2V5c1pOUy5vYmplY3RzViRjbGFzc6INDoACgAOiEBGABIAFgAdccmVsYXRpdmVQYXRoWWFsaWFzRGF0YV8QMi4uLy4uLy4uLy4uL1dvcmsvUmVzZWFyY2gvUmVmZXJlbmNlcy9LbnV0aDE5ODQucGRm0hcLGBlXTlMuZGF0YU8RAaQAAAAAAaQAAgAADE1hY2ludG9zaCBIRAAAAAAAAAAAAAAAAAAAAM6Xc4NIKwAAABcCDA1LbnV0aDE5ODQucGRmAAAAAAAAAAAAAAAAAAAAAAAAAAAAAAAAAAAAAAAAAAAAAAAAAAAAAAAAAAAAAAAAAAADZCZw0Ij3rQAAAAAAAAAAAAQABAAACSAAAAAAAAAAAAAAAAAAAAAKUmVmZXJlbmNlcwAQAAgAAM6Xq8MAAAARAAgAANCJPf0AAAABABQAFwIMABcATQAW/e0ACPdmAAJkjgACAEVNYWNpbnRvc2ggSEQ6VXNlcnM6AHNtaXRoczoAV29yazoAUmVzZWFyY2g6AFJlZmVyZW5jZXM6AEtudXRoMTk4NC5wZGYAAA4AHAANAEsAbgB1AHQAaAAxADkAOAA0AC4AcABkAGYADwAaAAwATQBhAGMAaQBuAHQAbwBzAGgAIABIAEQAEgAzVXNlcnMvc21pdGhzL1dvcmsvUmVzZWFyY2gvUmVmZXJlbmNlcy9LbnV0aDE5ODQucGRmAAATAAEvAAAVAAIADf//AACABtIbHB0eWiRjbGFzc25hbWVYJGNsYXNzZXNdTlNNdXRhYmxlRGF0YaMdHyBWTlNEYXRhWE5TT2JqZWN00hscIiNcTlNEaWN0aW9uYXJ5oiIgXxAPTlNLZXllZEFyY2hpdmVy0SYnVHJvb3SAAQAIABEAGgAjAC0AMgA3AEAARgBNAFUAYABnAGoAbABuAHEAcwB1AHcAhACOAMMAyADQAngCegJ/AooCkwKhAqUCrAK1AroCxwLKAtwC3wLkAAAAAAAAAgEAAAAAAAAAKAAAAAAAAAAAAAAAAAAAAuY=},
	Bdsk-Url-1 = {http://comjnl.oxfordjournals.org/content/27/2/97.abstract},
	Bdsk-Url-2 = {http://dx.doi.org/10.1093/comjnl/27.2.97}}

@article{ElSheikhEtAl2004,
	Author = {Ahmed H. ElSheikh and W. Spencer Smith and Samir E. Chidiac},
	Date-Added = {2015-04-14 18:25:33 +0000},
	Date-Modified = {2015-04-14 18:25:33 +0000},
	Journal = {Advances in Engineering Software},
	Keywords = {mesh generation, software engineering, modular decomposition, formal methods, software quality},
	Local-Url = {/Users/smiths/Work/Research/Papers/SemiFormalDesMeshGen/OnLineVersionOfPaper.pdf},
	Number = {12},
	Pages = {827--841},
	Title = {Semi-formal design of reliable mesh generation systems},
	Volume = {35},
	Year = {2004},
	Bdsk-File-1 = {YnBsaXN0MDDUAQIDBAUGJCVYJHZlcnNpb25YJG9iamVjdHNZJGFyY2hpdmVyVCR0b3ASAAGGoKgHCBMUFRYaIVUkbnVsbNMJCgsMDxJXTlMua2V5c1pOUy5vYmplY3RzViRjbGFzc6INDoACgAOiEBGABIAFgAdccmVsYXRpdmVQYXRoWWFsaWFzRGF0YV8QTi4uLy4uLy4uLy4uL1dvcmsvUmVzZWFyY2gvUGFwZXJzL1NlbWlGb3JtYWxEZXNNZXNoR2VuL09uTGluZVZlcnNpb25PZlBhcGVyLnBkZtIXCxgZV05TLmRhdGFPEQIAAAAAAAIAAAIAAAxNYWNpbnRvc2ggSEQAAAAAAAAAAAAAAAAAAADOl3ODSCsAAAAXC3QYT25MaW5lVmVyc2lvbk9mUGFwZXIucGRmAAAAAAAAAAAAAAAAAAAAAAAAAAAAAAAAAAAAAAAAAAAAAAAAAAAAABeH2c8i4SQAAAAAAAAAAAAEAAUAAAkgAAAAAAAAAAAAAAAAAAAAFFNlbWlGb3JtYWxEZXNNZXNoR2VuABAACAAAzperwwAAABEACAAAzyMndAAAAAEAGAAXC3QAFwILABcATQAW/e0ACPdmAAJkjgACAGJNYWNpbnRvc2ggSEQ6VXNlcnM6AHNtaXRoczoAV29yazoAUmVzZWFyY2g6AFBhcGVyczoAU2VtaUZvcm1hbERlc01lc2hHZW46AE9uTGluZVZlcnNpb25PZlBhcGVyLnBkZgAOADIAGABPAG4ATABpAG4AZQBWAGUAcgBzAGkAbwBuAE8AZgBQAGEAcABlAHIALgBwAGQAZgAPABoADABNAGEAYwBpAG4AdABvAHMAaAAgAEgARAASAE9Vc2Vycy9zbWl0aHMvV29yay9SZXNlYXJjaC9QYXBlcnMvU2VtaUZvcm1hbERlc01lc2hHZW4vT25MaW5lVmVyc2lvbk9mUGFwZXIucGRmAAATAAEvAAAVAAIADf//AACABtIbHB0eWiRjbGFzc25hbWVYJGNsYXNzZXNdTlNNdXRhYmxlRGF0YaMdHyBWTlNEYXRhWE5TT2JqZWN00hscIiNcTlNEaWN0aW9uYXJ5oiIgXxAPTlNLZXllZEFyY2hpdmVy0SYnVHJvb3SAAQAIABEAGgAjAC0AMgA3AEAARgBNAFUAYABnAGoAbABuAHEAcwB1AHcAhACOAN8A5ADsAvAC8gL3AwIDCwMZAx0DJAMtAzIDPwNCA1QDVwNcAAAAAAAAAgEAAAAAAAAAKAAAAAAAAAAAAAAAAAAAA14=}}

@book{Berti2000a,
	Author = {Guntram Berti},
	Date-Added = {2015-04-14 18:25:02 +0000},
	Date-Modified = {2015-04-14 18:25:02 +0000},
	Local-Url = {file://localhost/Users/smiths/LongTermArchives/Work/Research/References/SciCompAndSoftEng/Berti2000a.pdf},
	Publisher = {PhD Dissertation, TU Cottbus},
	Title = {Generic Software Components for Scientific Computing},
	Year = {2000},
	Bdsk-File-1 = {YnBsaXN0MDDUAQIDBAUGJCVYJHZlcnNpb25YJG9iamVjdHNZJGFyY2hpdmVyVCR0b3ASAAGGoKgHCBMUFRYaIVUkbnVsbNMJCgsMDxJXTlMua2V5c1pOUy5vYmplY3RzViRjbGFzc6INDoACgAOiEBGABIAFgAdccmVsYXRpdmVQYXRoWWFsaWFzRGF0YV8QVi4uLy4uLy4uLy4uL0xvbmdUZXJtQXJjaGl2ZXMvV29yay9SZXNlYXJjaC9SZWZlcmVuY2VzL1NjaUNvbXBBbmRTb2Z0RW5nL0JlcnRpMjAwMGEucGRm0hcLGBlXTlMuZGF0YU8RAfgAAAAAAfgAAgAADE1hY2ludG9zaCBIRAAAAAAAAAAAAAAAAAAAAMbFYQBIKwAAABKnkg5CZXJ0aTIwMDBhLnBkZgAAAAAAAAAAAAAAAAAAAAAAAAAAAAAAAAAAAAAAAAAAAAAAAAAAAAAAAAAAAAAAAAAAErQyyE50PwAAAAAAAAAAAAQABgAACSAAAAAAAAAAAAAAAAAAAAARU2NpQ29tcEFuZFNvZnRFbmcAABAACAAAxsWZQAAAABEACAAAyE6sfwAAAAEAHAASp5IAEqI2ABKgygASoKkAEqClAAhZ9wAAfGMAAgBkTWFjaW50b3NoIEhEOlVzZXJzOnNtaXRoczpMb25nVGVybUFyY2hpdmVzOldvcms6UmVzZWFyY2g6UmVmZXJlbmNlczpTY2lDb21wQW5kU29mdEVuZzpCZXJ0aTIwMDBhLnBkZgAOAB4ADgBCAGUAcgB0AGkAMgAwADAAMABhAC4AcABkAGYADwAaAAwATQBhAGMAaQBuAHQAbwBzAGgAIABIAEQAEgBXVXNlcnMvc21pdGhzL0xvbmdUZXJtQXJjaGl2ZXMvV29yay9SZXNlYXJjaC9SZWZlcmVuY2VzL1NjaUNvbXBBbmRTb2Z0RW5nL0JlcnRpMjAwMGEucGRmAAATAAEvAAAVAAIADf//AACABtIbHB0eWiRjbGFzc25hbWVYJGNsYXNzZXNdTlNNdXRhYmxlRGF0YaMdHyBWTlNEYXRhWE5TT2JqZWN00hscIiNcTlNEaWN0aW9uYXJ5oiIgXxAPTlNLZXllZEFyY2hpdmVy0SYnVHJvb3SAAQAIABEAGgAjAC0AMgA3AEAARgBNAFUAYABnAGoAbABuAHEAcwB1AHcAhACOAOcA7AD0AvAC8gL3AwIDCwMZAx0DJAMtAzIDPwNCA1QDVwNcAAAAAAAAAgEAAAAAAAAAKAAAAAAAAAAAAAAAAAAAA14=}}

@article{RiceAndBoisvert1996,
	Annote = {Some extra citation information.

@article{Rice1996,
	Address = {Los Alamitos, CA, USA},
	Author = {Rice, John R. and Boisvert, Ronald F.},
	Date-Added = {2011-01-29 01:13:39 -0500},
	Date-Modified = {2011-01-29 01:13:39 -0500},
	Doi = {http://dx.doi.org/10.1109/99.537091},
	Issn = {1070-9924},
	Journal = {IEEE Comput. Sci. Eng.},
	Number = {3},
	Pages = {44--53},
	Publisher = {IEEE Computer Society Press},
	Title = {From Scientific Software Libraries to Problem-Solving Environments},
	Volume = {3},
	Year = {1996},
	Bdsk-Url-1 = {http://dx.doi.org/10.1109/99.537091}}
},
	Author = {John R. Rice and Ronald F. Boisvert},
	Date-Added = {2015-04-14 18:24:18 +0000},
	Date-Modified = {2015-04-14 18:24:18 +0000},
	Journal = {IEEE Computational Science \& Engineering},
	Local-Url = {file://localhost/Users/smiths/LongTermArchives/Work/Research/References/Problem_Solving_Environments/RiceAndBoisvert1996.pdf},
	Month = {Fall},
	Number = {3},
	Pages = {44--53},
	Title = {From Scientific Software Libraries to Problem-Solving Environments},
	Volume = {3},
	Year = {1996},
	Bdsk-File-1 = {YnBsaXN0MDDUAQIDBAUGJCVYJHZlcnNpb25YJG9iamVjdHNZJGFyY2hpdmVyVCR0b3ASAAGGoKgHCBMUFRYaIVUkbnVsbNMJCgsMDxJXTlMua2V5c1pOUy5vYmplY3RzViRjbGFzc6INDoACgAOiEBGABIAFgAdccmVsYXRpdmVQYXRoWWFsaWFzRGF0YV8Qai4uLy4uLy4uLy4uL0xvbmdUZXJtQXJjaGl2ZXMvV29yay9SZXNlYXJjaC9SZWZlcmVuY2VzL1Byb2JsZW1fU29sdmluZ19FbnZpcm9ubWVudHMvUmljZUFuZEJvaXN2ZXJ0MTk5Ni5wZGbSFwsYGVdOUy5kYXRhTxECPAAAAAACPAACAAAMTWFjaW50b3NoIEhEAAAAAAAAAAAAAAAAAAAAxsVhAEgrAAAAEqeKF1JpY2VBbmRCb2lzdmVydDE5OTYucGRmAAAAAAAAAAAAAAAAAAAAAAAAAAAAAAAAAAAAAAAAAAAAAAAAAAAAAAASs5XITnQzUERGIENBUk8ABAAGAAAJIAAAAAAAAAAAAAAAAAAAABxQcm9ibGVtX1NvbHZpbmdfRW52aXJvbm1lbnRzABAACAAAxsWZQAAAABEACAAAyE6scwAAAAEAHAASp4oAEqI2ABKgygASoKkAEqClAAhZ9wAAfGMAAgB4TWFjaW50b3NoIEhEOlVzZXJzOnNtaXRoczpMb25nVGVybUFyY2hpdmVzOldvcms6UmVzZWFyY2g6UmVmZXJlbmNlczpQcm9ibGVtX1NvbHZpbmdfRW52aXJvbm1lbnRzOlJpY2VBbmRCb2lzdmVydDE5OTYucGRmAA4AMAAXAFIAaQBjAGUAQQBuAGQAQgBvAGkAcwB2AGUAcgB0ADEAOQA5ADYALgBwAGQAZgAPABoADABNAGEAYwBpAG4AdABvAHMAaAAgAEgARAASAGtVc2Vycy9zbWl0aHMvTG9uZ1Rlcm1BcmNoaXZlcy9Xb3JrL1Jlc2VhcmNoL1JlZmVyZW5jZXMvUHJvYmxlbV9Tb2x2aW5nX0Vudmlyb25tZW50cy9SaWNlQW5kQm9pc3ZlcnQxOTk2LnBkZgAAEwABLwAAFQACAA3//wAAgAbSGxwdHlokY2xhc3NuYW1lWCRjbGFzc2VzXU5TTXV0YWJsZURhdGGjHR8gVk5TRGF0YVhOU09iamVjdNIbHCIjXE5TRGljdGlvbmFyeaIiIF8QD05TS2V5ZWRBcmNoaXZlctEmJ1Ryb290gAEACAARABoAIwAtADIANwBAAEYATQBVAGAAZwBqAGwAbgBxAHMAdQB3AIQAjgD7AQABCANIA0oDTwNaA2MDcQN1A3wDhQOKA5cDmgOsA68DtAAAAAAAAAIBAAAAAAAAACgAAAAAAAAAAAAAAAAAAAO2}}

@article{Parnas1972a,
	Author = {David L. Parnas},
	Date-Added = {2015-04-14 18:24:01 +0000},
	Date-Modified = {2015-04-14 18:24:01 +0000},
	Journal = {Comm. ACM, vol. 15, no. 2, pp. 1053-1058},
	Month = {December},
	Title = {On the Criteria To Be Used in Decomposing Systems into Modules},
	Year = {1972},
	Bdsk-File-1 = {YnBsaXN0MDDUAQIDBAUGJCVYJHZlcnNpb25YJG9iamVjdHNZJGFyY2hpdmVyVCR0b3ASAAGGoKgHCBMUFRYaIVUkbnVsbNMJCgsMDxJXTlMua2V5c1pOUy5vYmplY3RzViRjbGFzc6INDoACgAOiEBGABIAFgAdccmVsYXRpdmVQYXRoWWFsaWFzRGF0YV8QMy4uLy4uLy4uLy4uL1dvcmsvUmVzZWFyY2gvUmVmZXJlbmNlcy9QYXJuYXMxOTcyLnBkZtIXCxgZV05TLmRhdGFPEQGmAAAAAAGmAAIAAAxNYWNpbnRvc2ggSEQAAAAAAAAAAAAAAAAAAADOl3ODSCsAAAAXAgwOUGFybmFzMTk3Mi5wZGYAAAAAAAAAAAAAAAAAAAAAAAAAAAAAAAAAAAAAAAAAAAAAAAAAAAAAAAAAAAAAAAAAA3+xs9CaVP4AAAAAAAAAAAAEAAQAAAkgAAAAAAAAAAAAAAAAAAAAClJlZmVyZW5jZXMAEAAIAADOl6vDAAAAEQAIAADQmptOAAAAAQAUABcCDAAXAE0AFv3tAAj3ZgACZI4AAgBGTWFjaW50b3NoIEhEOlVzZXJzOgBzbWl0aHM6AFdvcms6AFJlc2VhcmNoOgBSZWZlcmVuY2VzOgBQYXJuYXMxOTcyLnBkZgAOAB4ADgBQAGEAcgBuAGEAcwAxADkANwAyAC4AcABkAGYADwAaAAwATQBhAGMAaQBuAHQAbwBzAGgAIABIAEQAEgA0VXNlcnMvc21pdGhzL1dvcmsvUmVzZWFyY2gvUmVmZXJlbmNlcy9QYXJuYXMxOTcyLnBkZgATAAEvAAAVAAIADf//AACABtIbHB0eWiRjbGFzc25hbWVYJGNsYXNzZXNdTlNNdXRhYmxlRGF0YaMdHyBWTlNEYXRhWE5TT2JqZWN00hscIiNcTlNEaWN0aW9uYXJ5oiIgXxAPTlNLZXllZEFyY2hpdmVy0SYnVHJvb3SAAQAIABEAGgAjAC0AMgA3AEAARgBNAFUAYABnAGoAbABuAHEAcwB1AHcAhACOAMQAyQDRAnsCfQKCAo0ClgKkAqgCrwK4Ar0CygLNAt8C4gLnAAAAAAAAAgEAAAAAAAAAKAAAAAAAAAAAAAAAAAAAAuk=}}

@phdthesis{Yu2011,
	Address = {Hamilton, ON, Canada},
	Author = {Wen Yu},
	Date-Added = {2015-04-14 18:23:37 +0000},
	Date-Modified = {2015-04-14 18:23:37 +0000},
	School = {McMaster University},
	Title = {{FASCS}: A Family Approach for Developing Scientific Computing Software},
	Year = {2011},
	Bdsk-File-1 = {YnBsaXN0MDDUAQIDBAUGJCVYJHZlcnNpb25YJG9iamVjdHNZJGFyY2hpdmVyVCR0b3ASAAGGoKgHCBMUFRYaIVUkbnVsbNMJCgsMDxJXTlMua2V5c1pOUy5vYmplY3RzViRjbGFzc6INDoACgAOiEBGABIAFgAdccmVsYXRpdmVQYXRoWWFsaWFzRGF0YV8QJS4uLy4uLy4uL3BtZy9QaEQvVGhlc2lzL1BoRHRoZXNpcy5wZGbSFwsYGVdOUy5kYXRhTxEBnAAAAAABnAACAAAMTWFjaW50b3NoIEhEAAAAAAAAAAAAAAAAAAAAzpdzg0grAAAE4FY4DVBoRHRoZXNpcy5wZGYAAAAAAAAAAAAAAAAAAAAAAAAAAAAAAAAAAAAAAAAAAAAAAAAAAAAAAAAAAAAAAAAAAATgWirRMZcCAAAAAAAAAAAAAwAEAAAJIAAAAAAAAAAAAAAAAAAAAAZUaGVzaXMAEAAIAADOl6vDAAAAEQAIAADRMc9CAAAAAQAYBOBWOATgVUkE4FFCABIVpwAI92YAAmSOAAIAQk1hY2ludG9zaCBIRDpVc2VyczoAc21pdGhzOgBSZXBvczoAcG1nOgBQaEQ6AFRoZXNpczoAUGhEdGhlc2lzLnBkZgAOABwADQBQAGgARAB0AGgAZQBzAGkAcwAuAHAAZABmAA8AGgAMAE0AYQBjAGkAbgB0AG8AcwBoACAASABEABIAL1VzZXJzL3NtaXRocy9SZXBvcy9wbWcvUGhEL1RoZXNpcy9QaER0aGVzaXMucGRmAAATAAEvAAAVAAIADf//AACABtIbHB0eWiRjbGFzc25hbWVYJGNsYXNzZXNdTlNNdXRhYmxlRGF0YaMdHyBWTlNEYXRhWE5TT2JqZWN00hscIiNcTlNEaWN0aW9uYXJ5oiIgXxAPTlNLZXllZEFyY2hpdmVy0SYnVHJvb3SAAQAIABEAGgAjAC0AMgA3AEAARgBNAFUAYABnAGoAbABuAHEAcwB1AHcAhACOALYAuwDDAmMCZQJqAnUCfgKMApAClwKgAqUCsgK1AscCygLPAAAAAAAAAgEAAAAAAAAAKAAAAAAAAAAAAAAAAAAAAtE=}}

@article{WilsonEtAl2013,
	Author = {Greg Wilson and D.A. Aruliah and C. Titus Brown and Neil P. Chue Hong and Matt Davis and Richard T. Guy and Steven H.D. Haddock and Kathryn D. Huff and Ian M. Mitchell and Mark D. Plumblet and Ben Waugh and Ethan P. White and Paul Wilson},
	Bibsource = {DBLP, http://dblp.uni-trier.de},
	Date-Added = {2015-04-14 18:23:23 +0000},
	Date-Modified = {2015-04-14 18:23:23 +0000},
	Ee = {http://arxiv.org/abs/1210.0530},
	Journal = {CoRR},
	Title = {Best Practices for Scientific Computing},
	Volume = {abs/1210.0530},
	Year = {2013},
	Bdsk-File-1 = {YnBsaXN0MDDUAQIDBAUGJCVYJHZlcnNpb25YJG9iamVjdHNZJGFyY2hpdmVyVCR0b3ASAAGGoKgHCBMUFRYaIVUkbnVsbNMJCgsMDxJXTlMua2V5c1pOUy5vYmplY3RzViRjbGFzc6INDoACgAOiEBGABIAFgAdccmVsYXRpdmVQYXRoWWFsaWFzRGF0YV8QNy4uLy4uLy4uLy4uL1dvcmsvUmVzZWFyY2gvUmVmZXJlbmNlcy9XaWxzb25FdEFsMjAxMy5wZGbSFwsYGVdOUy5kYXRhTxEBtgAAAAABtgACAAAMTWFjaW50b3NoIEhEAAAAAAAAAAAAAAAAAAAAzpdzg0grAAAAFwIMEldpbHNvbkV0QWwyMDEzLnBkZgAAAAAAAAAAAAAAAAAAAAAAAAAAAAAAAAAAAAAAAAAAAAAAAAAAAAAAAAAAAALYZiPQPnKfAAAAAAAAAAAABAAEAAAJIAAAAAAAAAAAAAAAAAAAAApSZWZlcmVuY2VzABAACAAAzperwwAAABEACAAA0D6q3wAAAAEAFAAXAgwAFwBNABb97QAI92YAAmSOAAIASk1hY2ludG9zaCBIRDpVc2VyczoAc21pdGhzOgBXb3JrOgBSZXNlYXJjaDoAUmVmZXJlbmNlczoAV2lsc29uRXRBbDIwMTMucGRmAA4AJgASAFcAaQBsAHMAbwBuAEUAdABBAGwAMgAwADEAMwAuAHAAZABmAA8AGgAMAE0AYQBjAGkAbgB0AG8AcwBoACAASABEABIAOFVzZXJzL3NtaXRocy9Xb3JrL1Jlc2VhcmNoL1JlZmVyZW5jZXMvV2lsc29uRXRBbDIwMTMucGRmABMAAS8AABUAAgAN//8AAIAG0hscHR5aJGNsYXNzbmFtZVgkY2xhc3Nlc11OU011dGFibGVEYXRhox0fIFZOU0RhdGFYTlNPYmplY3TSGxwiI1xOU0RpY3Rpb25hcnmiIiBfEA9OU0tleWVkQXJjaGl2ZXLRJidUcm9vdIABAAgAEQAaACMALQAyADcAQABGAE0AVQBgAGcAagBsAG4AcQBzAHUAdwCEAI4AyADNANUCjwKRApYCoQKqArgCvALDAswC0QLeAuEC8wL2AvsAAAAAAAACAQAAAAAAAAAoAAAAAAAAAAAAAAAAAAAC/Q==}}

@inproceedings{Segal2008,
	Address = {Leipzig, Germany},
	Author = {Judith Segal},
	Booktitle = {Proceedings of the First International Workshop on Software Engineering for Computational Science and Engineering (SECSE 2008)},
	Date-Added = {2015-04-14 18:23:13 +0000},
	Date-Modified = {2015-04-14 18:23:13 +0000},
	Organization = {In conjunction with the 30th International Conference on Software Engineering (ICSE)},
	Pages = {1--6},
	Title = {Models of Scientific Software Development},
	Url = {http://www.cse.msstate.edu/~SECSE08/schedule.htm},
	Year = {2008},
	Bdsk-File-1 = {YnBsaXN0MDDUAQIDBAUGJCVYJHZlcnNpb25YJG9iamVjdHNZJGFyY2hpdmVyVCR0b3ASAAGGoKgHCBMUFRYaIVUkbnVsbNMJCgsMDxJXTlMua2V5c1pOUy5vYmplY3RzViRjbGFzc6INDoACgAOiEBGABIAFgAdccmVsYXRpdmVQYXRoWWFsaWFzRGF0YV8QMi4uLy4uLy4uLy4uL1dvcmsvUmVzZWFyY2gvUmVmZXJlbmNlcy9TZWdhbDIwMDgucGRm0hcLGBlXTlMuZGF0YU8RAaQAAAAAAaQAAgAADE1hY2ludG9zaCBIRAAAAAAAAAAAAAAAAAAAAM6Xc4NIKwAAABcCDA1TZWdhbDIwMDgucGRmAAAAAAAAAAAAAAAAAAAAAAAAAAAAAAAAAAAAAAAAAAAAAAAAAAAAAAAAAAAAAAAAAAADuN1l0KzCSAAAAAAAAAAAAAQABAAACSAAAAAAAAAAAAAAAAAAAAAKUmVmZXJlbmNlcwAQAAgAAM6Xq8MAAAARAAgAANCtCJgAAAABABQAFwIMABcATQAW/e0ACPdmAAJkjgACAEVNYWNpbnRvc2ggSEQ6VXNlcnM6AHNtaXRoczoAV29yazoAUmVzZWFyY2g6AFJlZmVyZW5jZXM6AFNlZ2FsMjAwOC5wZGYAAA4AHAANAFMAZQBnAGEAbAAyADAAMAA4AC4AcABkAGYADwAaAAwATQBhAGMAaQBuAHQAbwBzAGgAIABIAEQAEgAzVXNlcnMvc21pdGhzL1dvcmsvUmVzZWFyY2gvUmVmZXJlbmNlcy9TZWdhbDIwMDgucGRmAAATAAEvAAAVAAIADf//AACABtIbHB0eWiRjbGFzc25hbWVYJGNsYXNzZXNdTlNNdXRhYmxlRGF0YaMdHyBWTlNEYXRhWE5TT2JqZWN00hscIiNcTlNEaWN0aW9uYXJ5oiIgXxAPTlNLZXllZEFyY2hpdmVy0SYnVHJvb3SAAQAIABEAGgAjAC0AMgA3AEAARgBNAFUAYABnAGoAbABuAHEAcwB1AHcAhACOAMMAyADQAngCegJ/AooCkwKhAqUCrAK1AroCxwLKAtwC3wLkAAAAAAAAAgEAAAAAAAAAKAAAAAAAAAAAAAAAAAAAAuY=},
	Bdsk-Url-1 = {http://secse08.cs.ua.edu/schedule.htm}}

@book{Roache1998,
	Address = {Albuquerque, New Mexico},
	Author = {Patrick J. Roache},
	Date-Added = {2015-04-14 18:23:00 +0000},
	Date-Modified = {2015-04-14 18:23:00 +0000},
	Publisher = {Hermosa Publishers},
	Title = {Verification and Validation in Computational Science and Engineering},
	Year = {1998}}

@inproceedings{SmithEtAl2013,
	Author = {W. Spencer Smith and Nirmitha Koothoor and Nedialko Nedialkov},
	Booktitle = {Proceedings of the First International Workshop on Software Engineering for High Performance Computing in Computational Science and Engineering (SE-HPCCE)},
	Date-Added = {2015-04-14 18:22:24 +0000},
	Date-Modified = {2015-04-14 18:22:24 +0000},
	Month = {November},
	Note = {8 pp},
	Title = {Document Driven Certification of Computational Science and Engineering Software},
	Year = {2013},
	Bdsk-File-1 = {YnBsaXN0MDDUAQIDBAUGJCVYJHZlcnNpb25YJG9iamVjdHNZJGFyY2hpdmVyVCR0b3ASAAGGoKgHCBMUFRYaIVUkbnVsbNMJCgsMDxJXTlMua2V5c1pOUy5vYmplY3RzViRjbGFzc6INDoACgAOiEBGABIAFgAdccmVsYXRpdmVQYXRoWWFsaWFzRGF0YV8QXi4uLy4uLy4uL3NjYy9TbWl0aEtvb3Rob29yQW5kTmVkaWFsa292X1NIUENDU0VfMjAxMy9TbWl0aEtvb3Rob25BbmROZWRpYWxrb3ZfU0VIUENDU0VfMjAxMy5wZGbSFwsYGVdOUy5kYXRhTxECSgAAAAACSgACAAAMTWFjaW50b3NoIEhEAAAAAAAAAAAAAAAAAAAAzpdzg0grAAAALd1sH1NtaXRoS29vdGhvbkFuZE5lZGlhIzJEREQ4Ri5wZGYAAAAAAAAAAAAAAAAAAAAAAAAAAAAAAAAAAAAAAAAAAAAt3Y/PKmGbAAAAAAAAAAAAAwADAAAJIAAAAAAAAAAAAAAAAAAAAB9TbWl0aEtvb3Rob29yQW5kTmVkaWFsa28jMkRERDZDAAAQAAgAAM6Xq8MAAAARAAgAAM8qp+sAAAABABQALd1sAC3Z4QASFacACPdmAAJkjgACAGhNYWNpbnRvc2ggSEQ6VXNlcnM6AHNtaXRoczoAUmVwb3M6AHNjYzoAU21pdGhLb290aG9vckFuZE5lZGlhbGtvIzJEREQ2QzoAU21pdGhLb290aG9uQW5kTmVkaWEjMkRERDhGLnBkZgAOAFYAKgBTAG0AaQB0AGgASwBvAG8AdABoAG8AbgBBAG4AZABOAGUAZABpAGEAbABrAG8AdgBfAFMARQBIAFAAQwBDAFMARQBfADIAMAAxADMALgBwAGQAZgAPABoADABNAGEAYwBpAG4AdABvAHMAaAAgAEgARAASAGhVc2Vycy9zbWl0aHMvUmVwb3Mvc2NjL1NtaXRoS29vdGhvb3JBbmROZWRpYWxrb3ZfU0hQQ0NTRV8yMDEzL1NtaXRoS29vdGhvbkFuZE5lZGlhbGtvdl9TRUhQQ0NTRV8yMDEzLnBkZgATAAEvAAAVAAIADf//AACABtIbHB0eWiRjbGFzc25hbWVYJGNsYXNzZXNdTlNNdXRhYmxlRGF0YaMdHyBWTlNEYXRhWE5TT2JqZWN00hscIiNcTlNEaWN0aW9uYXJ5oiIgXxAPTlNLZXllZEFyY2hpdmVy0SYnVHJvb3SAAQAIABEAGgAjAC0AMgA3AEAARgBNAFUAYABnAGoAbABuAHEAcwB1AHcAhACOAO8A9AD8A0oDTANRA1wDZQNzA3cDfgOHA4wDmQOcA64DsQO2AAAAAAAAAgEAAAAAAAAAKAAAAAAAAAAAAAAAAAAAA7g=}}
