@article{popescu2014gamygdala,
	title={{GAMYGDALA}: An emotion engine for games},
	author={Popescu, Adrian and Broekens, Joost and van Someren, Maarten},
	journal={Affective Computing, IEEE Transactions on},
	volume={5},
	number={1},
	pages={32--44},
	year={2014},
	publisher={IEEE}
}