%% This BibTeX bibliography file was created using BibDesk.
%% https://bibdesk.sourceforge.io/

%% Created for Spencer Smith at 2021-11-22 09:39:26 -0500 


%% Saved with string encoding Unicode (UTF-8) 



@article{KruchtenEtAl2012,
	author = {Kruchten, Philippe and Nord, Robert L and Ozkaya, Ipek},
	date-added = {2021-11-19 10:38:59 -0500},
	date-modified = {2021-11-19 10:46:52 -0500},
	journal = {IEEE Software},
	number = {6},
	pages = {18--21},
	publisher = {IEEE},
	title = {Technical debt: From metaphor to theory and practice},
	volume = {29},
	year = {2012},
	bdsk-url-1 = {https://resources.sei.cmu.edu/asset_files/WhitePaper/2012_019_001_58818.pdf}}

@inproceedings{SzymczakEtAl2016,
	address = {Austin, Texas, United States},
	author = {Daniel Szymczak and W. Spencer Smith and Jacques Carette},
	booktitle = {Proceedings of SE4Science'16 in conjunction with the International Conference on Software Engineering (ICSE)},
	date-added = {2021-11-11 15:28:42 -0500},
	date-modified = {2021-11-22 09:39:26 -0500},
	month = may,
	note = {4 pp.},
	title = {Position Paper: A Knowledge-Based Approach to Scientific Software Development},
	year = {2016},
	bdsk-file-1 = {YnBsaXN0MDDSAQIDBFxyZWxhdGl2ZVBhdGhZYWxpYXNEYXRhXxAhLi4vLi4vLi4vcHViL1N6eW1jemFrRXRBbDIwMTYucGRmTxEBXAAAAAABXAACAAAMTWFjaW50b3NoIEhEAAAAAAAAAAAAAAAAAAAAAAAAAEJEAAH/////FFN6eW1jemFrRXRBbDIwMTYucGRmAAAAAAAAAAAAAAAAAAAAAAAAAAAAAAAAAAAAAAAAAAAAAAAAAAAAAAAAAP////8AAAAAAAAAAAAAAAAAAwACAAAKIGN1AAAAAAAAAAAAAAAAAANwdWIAAAIALS86VXNlcnM6c21pdGhzOlJlcG9zOnB1YjpTenltY3pha0V0QWwyMDE2LnBkZgAADgAqABQAUwB6AHkAbQBjAHoAYQBrAEUAdABBAGwAMgAwADEANgAuAHAAZABmAA8AGgAMAE0AYQBjAGkAbgB0AG8AcwBoACAASABEABIAK1VzZXJzL3NtaXRocy9SZXBvcy9wdWIvU3p5bWN6YWtFdEFsMjAxNi5wZGYAABMAAS8AABUAAgAN//8AAAAIAA0AGgAkAEgAAAAAAAACAQAAAAAAAAAFAAAAAAAAAAAAAAAAAAABqA==}}

@techreport{RinehartEtAl2015,
	address = {Langley Research Centre, Hampton, Virginia},
	author = {Rinehart, David J. and Knight, John C. and Rowanhill, Jonathan},
	date-added = {2021-11-11 14:43:55 -0500},
	date-modified = {2021-11-11 14:43:55 -0500},
	institution = {National Aeronautics and Space Administration (NASA)},
	month = jan,
	number = {CR-2014-218678},
	title = {Current Practices in Constructing and Evaluating Assurance Cases with Applications to Aviation},
	year = {2015},
	bdsk-file-1 = {YnBsaXN0MDDSAQIDBFxyZWxhdGl2ZVBhdGhZYWxpYXNEYXRhXxA5Li4vLi4vLi4vLi4vV29yay9SZXNlYXJjaC9SZWZlcmVuY2VzL1JpbmVoYXJ0RXRBbDIwMTUucGRmTxEBfgAAAAABfgACAAAMTWFjaW50b3NoIEhEAAAAAAAAAAAAAAAAAAAAAAAAAEJEAAH/////FFJpbmVoYXJ0RXRBbDIwMTUucGRmAAAAAAAAAAAAAAAAAAAAAAAAAAAAAAAAAAAAAAAAAAAAAAAAAAAAAAAAAP////8AAAAAAAAAAAAAAAAABAAEAAAKIGN1AAAAAAAAAAAAAAAAAApSZWZlcmVuY2VzAAIAPC86VXNlcnM6c21pdGhzOldvcms6UmVzZWFyY2g6UmVmZXJlbmNlczpSaW5laGFydEV0QWwyMDE1LnBkZgAOACoAFABSAGkAbgBlAGgAYQByAHQARQB0AEEAbAAyADAAMQA1AC4AcABkAGYADwAaAAwATQBhAGMAaQBuAHQAbwBzAGgAIABIAEQAEgA6VXNlcnMvc21pdGhzL1dvcmsvUmVzZWFyY2gvUmVmZXJlbmNlcy9SaW5laGFydEV0QWwyMDE1LnBkZgATAAEvAAAVAAIADf//AAAACAANABoAJABgAAAAAAAAAgEAAAAAAAAABQAAAAAAAAAAAAAAAAAAAeI=},
	bdsk-url-1 = {https://books.google.ca/books?id=7BaDrgEACAAJ}}

@article{Drucker1999,
	added-at = {2008-10-05T14:15:05.000+0200},
	author = {Drucker, P.F.},
	biburl = {https://www.bibsonomy.org/bibtex/229dd1f744535efff731b78bf22bf9d70/diam_eter},
	date-added = {2021-11-10 11:45:28 -0500},
	date-modified = {2021-11-10 11:45:28 -0500},
	interhash = {08a18b56b923dac98b91a03b3d10b947},
	intrahash = {29dd1f744535efff731b78bf22bf9d70},
	journal = {California Management Review},
	keywords = {GdWM},
	number = 2,
	pages = {79--94},
	timestamp = {2008-12-07T10:31:10.000+0100},
	title = {{Knowledge-Worker Productivity: The Biggest Challenge}},
	volume = 41,
	year = 1999,
	bdsk-file-1 = {YnBsaXN0MDDSAQIDBFxyZWxhdGl2ZVBhdGhZYWxpYXNEYXRhXxAcLi4vLi4vLi4vcHViL0RydWNrZXIxOTk5LnBkZk8RAUYAAAAAAUYAAgAADE1hY2ludG9zaCBIRAAAAAAAAAAAAAAAAAAAAAAAAABCRAAB/////w9EcnVja2VyMTk5OS5wZGYAAAAAAAAAAAAAAAAAAAAAAAAAAAAAAAAAAAAAAAAAAAAAAAAAAAAAAAAAAAAAAAD/////AAAAAAAAAAAAAAAAAAMAAgAACiBjdQAAAAAAAAAAAAAAAAADcHViAAACACgvOlVzZXJzOnNtaXRoczpSZXBvczpwdWI6RHJ1Y2tlcjE5OTkucGRmAA4AIAAPAEQAcgB1AGMAawBlAHIAMQA5ADkAOQAuAHAAZABmAA8AGgAMAE0AYQBjAGkAbgB0AG8AcwBoACAASABEABIAJlVzZXJzL3NtaXRocy9SZXBvcy9wdWIvRHJ1Y2tlcjE5OTkucGRmABMAAS8AABUAAgAN//8AAAAIAA0AGgAkAEMAAAAAAAACAQAAAAAAAAAFAAAAAAAAAAAAAAAAAAABjQ==}}

@article{IEEE1998,
	author = {IEEE},
	date-added = {2021-11-09 14:31:38 -0500},
	date-modified = {2021-11-09 14:31:38 -0500},
	doi = {10.1109/IEEESTD.1998.88286},
	journal = {IEEE Std 830-1998},
	keywords = {formal specification;IEEE Std 830-1998;IEEE recommended practice;IEEE/EIA Std 12207.1-1997;commercial software product selection;contracts;customers;guidelines;in-house software product selection;prototyping;software development;software requirements specification;standards compliance;suppliers;system requirements specifications;Software requirements and specifications;contract;customer;prototyping;software requirements specification;supplier;system requirements specifications},
	month = oct,
	pages = {1-40},
	title = {Recommended Practice for Software Requirements Specifications},
	year = {1998},
	bdsk-file-1 = {YnBsaXN0MDDSAQIDBFxyZWxhdGl2ZVBhdGhZYWxpYXNEYXRhXxAtLi4vc2U0c2MvU2NpQ29tcEFuZFNvZnRFbmdQYXBlcnMvSUVFRTE5OTgucGRmTxEBhAAAAAABhAACAAAMTWFjaW50b3NoIEhEAAAAAAAAAAAAAAAAAAAAAAAAAEJEAAH/////DElFRUUxOTk4LnBkZgAAAAAAAAAAAAAAAAAAAAAAAAAAAAAAAAAAAAAAAAAAAAAAAAAAAAAAAAAAAAAAAAAAAP////8AAAAAAAAAAAAAAAAAAQADAAAKIGN1AAAAAAAAAAAAAAAAABdTY2lDb21wQW5kU29mdEVuZ1BhcGVycwAAAgA/LzpVc2VyczpzbWl0aHM6UmVwb3M6c2U0c2M6U2NpQ29tcEFuZFNvZnRFbmdQYXBlcnM6SUVFRTE5OTgucGRmAAAOABoADABJAEUARQBFADEAOQA5ADgALgBwAGQAZgAPABoADABNAGEAYwBpAG4AdABvAHMAaAAgAEgARAASAD1Vc2Vycy9zbWl0aHMvUmVwb3Mvc2U0c2MvU2NpQ29tcEFuZFNvZnRFbmdQYXBlcnMvSUVFRTE5OTgucGRmAAATAAEvAAAVAAIADf//AAAACAANABoAJABUAAAAAAAAAgEAAAAAAAAABQAAAAAAAAAAAAAAAAAAAdw=},
	bdsk-url-1 = {http://dx.doi.org/10.1109/IEEESTD.1998.88286}}

@book{ISO9126,
	added-at = {2014-07-08T11:07:29.000+0200},
	author = {{ISO/IEC}},
	biburl = {https://www.bibsonomy.org/bibtex/2a7b775cd08a9182a7b88d5ca68657a4a/andiv},
	date-added = {2021-11-09 14:21:51 -0500},
	date-modified = {2021-11-09 14:21:51 -0500},
	interhash = {ef6f58a2241715facdfa7424be170ea3},
	intrahash = {a7b775cd08a9182a7b88d5ca68657a4a},
	keywords = {ISO functional non},
	publisher = {{ISO/IEC}},
	timestamp = {2014-07-08T11:07:50.000+0200},
	title = {{ISO/IEC} 9126. Software engineering -- Product quality},
	year = 2001,
	bdsk-file-1 = {YnBsaXN0MDDSAQIDBFxyZWxhdGl2ZVBhdGhZYWxpYXNEYXRhXxAYLi4vLi4vLi4vcHViL0lTTzkxMjYucGRmTxEBNgAAAAABNgACAAAMTWFjaW50b3NoIEhEAAAAAAAAAAAAAAAAAAAAAAAAAEJEAAH/////C0lTTzkxMjYucGRmAAAAAAAAAAAAAAAAAAAAAAAAAAAAAAAAAAAAAAAAAAAAAAAAAAAAAAAAAAAAAAAAAAAAAP////8AAAAAAAAAAAAAAAAAAwACAAAKIGN1AAAAAAAAAAAAAAAAAANwdWIAAAIAJC86VXNlcnM6c21pdGhzOlJlcG9zOnB1YjpJU085MTI2LnBkZgAOABgACwBJAFMATwA5ADEAMgA2AC4AcABkAGYADwAaAAwATQBhAGMAaQBuAHQAbwBzAGgAIABIAEQAEgAiVXNlcnMvc21pdGhzL1JlcG9zL3B1Yi9JU085MTI2LnBkZgATAAEvAAAVAAIADf//AAAACAANABoAJAA/AAAAAAAAAgEAAAAAAAAABQAAAAAAAAAAAAAAAAAAAXk=}}

@book{McCallEtAl1977,
	author = {J. McCall and P. Richards and G. Walters},
	date-added = {2021-11-09 14:21:39 -0500},
	date-modified = {2021-11-09 14:21:39 -0500},
	month = nov,
	publisher = {NTIS AD-A049-014, 015, 055},
	title = {Factors in Software Quality},
	year = {1977}}

@misc{SmithAndCarette2020arXiv,
	archiveprefix = {arXiv},
	author = {Spencer Smith and Jacques Carette},
	date-added = {2021-11-03 23:18:08 -0400},
	date-modified = {2021-11-03 23:18:08 -0400},
	eprint = {2009.14015},
	howpublished = {\url{https://arxiv.org/abs/2009.14015}},
	primaryclass = {cs.SE},
	title = {Long-term Productivity for Long-term Impact, arXiv report},
	year = {2020},
	bdsk-url-1 = {https://arxiv.org/pdf/2009.14015.pdf}}

@article{HeatonAndCarver2015,
	acmid = {2829726},
	address = {Newton, MA, USA},
	author = {Heaton, Dustin and Carver, Jeffrey C.},
	date-added = {2021-11-03 23:16:23 -0400},
	date-modified = {2021-11-03 23:16:23 -0400},
	doi = {10.1016/j.infsof.2015.07.011},
	issn = {0950-5849},
	issue_date = {November 2015},
	journal = {Inf. Softw. Technol.},
	keywords = {Computational science, Scientific software, Systematic literature review},
	month = nov,
	number = {C},
	numpages = {13},
	pages = {207--219},
	publisher = {Butterworth-Heinemann},
	title = {Claims About the Use of Software Engineering Practices in Science},
	url = {http://dx.doi.org/10.1016/j.infsof.2015.07.011},
	volume = {67},
	year = {2015},
	bdsk-file-1 = {YnBsaXN0MDDSAQIDBFxyZWxhdGl2ZVBhdGhZYWxpYXNEYXRhXxA8Li4vLi4vLi4vLi4vV29yay9SZXNlYXJjaC9SZWZlcmVuY2VzL0hlYXRvbkFuZENhcnZlcjIwMTUucGRmTxEBjAAAAAABjAACAAAMTWFjaW50b3NoIEhEAAAAAAAAAAAAAAAAAAAAAAAAAEJEAAH/////F0hlYXRvbkFuZENhcnZlcjIwMTUucGRmAAAAAAAAAAAAAAAAAAAAAAAAAAAAAAAAAAAAAAAAAAAAAAAAAAAAAP////8AAAAAAAAAAAAAAAAABAAEAAAKIGN1AAAAAAAAAAAAAAAAAApSZWZlcmVuY2VzAAIAPy86VXNlcnM6c21pdGhzOldvcms6UmVzZWFyY2g6UmVmZXJlbmNlczpIZWF0b25BbmRDYXJ2ZXIyMDE1LnBkZgAADgAwABcASABlAGEAdABvAG4AQQBuAGQAQwBhAHIAdgBlAHIAMgAwADEANQAuAHAAZABmAA8AGgAMAE0AYQBjAGkAbgB0AG8AcwBoACAASABEABIAPVVzZXJzL3NtaXRocy9Xb3JrL1Jlc2VhcmNoL1JlZmVyZW5jZXMvSGVhdG9uQW5kQ2FydmVyMjAxNS5wZGYAABMAAS8AABUAAgAN//8AAAAIAA0AGgAkAGMAAAAAAAACAQAAAAAAAAAFAAAAAAAAAAAAAAAAAAAB8w==},
	bdsk-url-1 = {http://dx.doi.org/10.1016/j.infsof.2015.07.011}}

@inbook{Ko2019,
	abstract = {Software moves faster every year. Markets shift rapidly, releases are ever more frequent, and languages, APIs, and platforms evolve at a relentless pace. And so interest in productivity, both by developers who want to keep up with these changes, but also by managers and organizations who need to compete, appears entirely rational. Moreover, improving software faster holds even greater promise to the rest of humanity: getting more work done with less effort means may mean an increased quality of life for everyone.},
	address = {Berkeley, CA},
	author = {Ko, Amy J.},
	booktitle = {Rethinking Productivity in Software Engineering},
	doi = {10.1007/978-1-4842-4221-6_3},
	editor = {Sadowski, Caitlin and Zimmermann, Thomas},
	isbn = {978-1-4842-4221-6},
	pages = {21--26},
	publisher = {Apress},
	title = {Why We Should Not Measure Productivity},
	url = {https://doi.org/10.1007/978-1-4842-4221-6_3},
	year = {2019},
	bdsk-url-1 = {https://doi.org/10.1007/978-1-4842-4221-6_3}}
