@misc{astm2009,
author={ASTM},
title={Standard Practice for Determining Load Resistance of Glass in Buildings},
publisher={ASTM International},
booktitle={Standard E1300-09a},
year={2009},
howpublished={\url{www.astm.org}}}

@misc{astm2012,
author={ASTM},
title={Standard Specification for Heat-Strengthened and Fully Tempered Flat Glass},
publisher={ASTM International},
address={West Conshohocken, PA},
year={2012},
howpublished={\url{https://doi.org/10.1520/C1048-12E01}}}

@misc{astm2016,
author={ASTM},
title={Standard specification for Flat Glass},
publisher={ASTM International},
address={West Conshohocken, PA},
year={2016},
howpublished={\url{https://doi.org/10.1520/C1036-16}}}

@misc{beasonEtAl1998,
author={Beason, W. Lynn and Kohutek, Terry L. and Bracci, Joseph M.},
title={Basis for ASTME E 1300 Annealed Glass Thickness Selection Charts},
booktitle={ASCE Library},
month=feb,
year={1998},
howpublished={\url{doi.org/10.1061/(ASCE)0733-9445(1998)124:2(215)}}}

@booklet{campidelli,
title={Glass-BR Software for the design and risk assessment of glass facades subjected to blast loading},
author={Campidelli, Manuel}}

@mastersthesis{koothoor2013,
author={Koothoor, Nirmitha},
title={A document drive approach to certifying scientific computing software},
school={McMaster University},
year={2013},
address={Hamilton, ON, Canada}}

@article{parnasClements1986,
author={Parnas, David L. and Clements, P. C.},
title={A rational design process: How and why to fake it},
journal={IEEE Transactions on Software Engineering},
year={1986},
month=feb,
volume={12},
number={2},
pages={"251-257"},
address={Washington, USA}}

@misc{rbrtsn2012,
author={Robertson, James and Robertson, Suzanne},
title={Volere requirements specification template edition 16},
howpublished={\url{https://pdfs.semanticscholar.org/cf57/27a59801086cbd3d14e587e09880561dbe22.pdf}},
year={2012}}

@inproceedings{smithLai2005,
author={Smith, W. Spencer and Lai, Lei},
title={A new requirements template for scientific computing},
booktitle={Proceedings of the First International Workshop on Situational Requirements Engineering Processes - Methods, Techniques and Tools to Support Situation-Specific Requirements Engineering Processes, SREP'05},
year={2005},
editor={Agerfalk, PJ and Kraiem, N. and Ralyte, J.},
address={Paris, France},
pages={"107-121"},
note={In conjunction with 13th IEEE International Requirements Engineering Conference,}}
