%% This BibTeX bibliography file was created using BibDesk.
%% http://bibdesk.sourceforge.net/

%% Created for Spencer Smith at 2021-06-30 17:00:22 -0400 


%% Saved with string encoding Unicode (UTF-8) 



@inproceedings{SmithJegatheesanAndKelly2016,
	author = {W. Spencer Smith and Thulasi Jegatheesan and Diane F. Kelly},
	booktitle = {Proceedings of the SE-HPCCE},
	date-added = {2017-08-01 22:45:59 +0000},
	date-modified = {2021-06-30 17:00:22 -0400},
	month = {November},
	note = {8 pp},
	title = {Advantages, Disadvantages and Misunderstandings About Document Driven Design for Scientific Software},
	year = {2016},
	Bdsk-File-1 = {YnBsaXN0MDDSAQIDBFxyZWxhdGl2ZVBhdGhZYWxpYXNEYXRhXxBCLi4vLi4vLi4vc2U0c2MvV3JpdGluZy9TRUhQQ0NTRTE2L1NtaXRoSmVnYXRoZWVzYW5BbmRLZWxseTIwMTYucGRmTxEBugAAAAABugACAAAMTWFjaW50b3NoIEhEAAAAAAAAAAAAAAAAAAAAAAAAAEJEAAH/////H1NtaXRoSmVnYXRoZWVzYW5BbiNGRkZGRkZGRi5wZGYAAAAAAAAAAAAAAAAAAAAAAAAAAAAAAAAAAAAAAAAAAP////8AAAAAAAAAAAAAAAAAAwAEAAAKIGN1AAAAAAAAAAAAAAAAAApTRUhQQ0NTRTE2AAIATi86VXNlcnM6c21pdGhzOlJlcG9zOnNlNHNjOldyaXRpbmc6U0VIUENDU0UxNjpTbWl0aEplZ2F0aGVlc2FuQW5kS2VsbHkyMDE2LnBkZgAOAEIAIABTAG0AaQB0AGgASgBlAGcAYQB0AGgAZQBlAHMAYQBuAEEAbgBkAEsAZQBsAGwAeQAyADAAMQA2AC4AcABkAGYADwAaAAwATQBhAGMAaQBuAHQAbwBzAGgAIABIAEQAEgBMVXNlcnMvc21pdGhzL1JlcG9zL3NlNHNjL1dyaXRpbmcvU0VIUENDU0UxNi9TbWl0aEplZ2F0aGVlc2FuQW5kS2VsbHkyMDE2LnBkZgATAAEvAAAVAAIADf//AAAACAANABoAJABpAAAAAAAAAgEAAAAAAAAABQAAAAAAAAAAAAAAAAAAAic=},
	Bdsk-Url-1 = {http://se4science.org/workshops/sehpccse16/cfp.htm}}
