@misc{jfBeucheIntro,
author={Bueche, J. Frederick},
title={Introduction to Physics for Scientists, Fourth Edition},
publisher={Mcgraw-Hill College},
year={1986}}

@mastersthesis{koothoor2013,
author={Koothoor, Nirmitha},
title={A document drive approach to certifying scientific computing software},
school={McMaster University},
year={2013},
address={Hamilton, ON, Canada}}

@article{dParnas1972,
author={Parnas, David L.},
title={On the Criteria To Be Used in Decomposing Systems into Modules},
journal={Communications of the ACM},
year={1972},
pages={"1053-1058"}}

@inproceedings{parnas1978,
author={Parnas, David L.},
title={Designing Software for Ease of Extension and Contraction.},
booktitle={ICSE '78: Proceedings of the 3rd international conference on Software engineering},
year={1978},
pages={"264-277"}}

@article{parnasClements1986,
author={Parnas, David L. and Clements, P. C.},
title={A rational design process: How and why to fake it},
journal={IEEE Transactions on Software Engineering},
year={1986},
month=feb,
volume={12},
number={2},
pages={"251-257"},
address={Washington, USA}}

@inproceedings{parnasClements1984,
author={Parnas, David L. and Clements, P. C. and Wiess},
title={The Modular Structure of Complex Systems},
booktitle={ICSE '84: Proceedings of the 7th international conference on Software engineering},
year={1984},
pages={"408-417"}}

@inproceedings{smithLai2005,
author={Smith, W. Spencer and Lai, Lei},
title={A new requirements template for scientific computing},
booktitle={Proceedings of the First International Workshop on Situational Requirements Engineering Processes - Methods, Techniques and Tools to Support Situation-Specific Requirements Engineering Processes, SREP'05},
year={2005},
editor={Agerfalk, PJ and Kraiem, N. and Ralyte, J.},
address={Paris, France},
pages={"107-121"},
note={In conjunction with 13th IEEE International Requirements Engineering Conference,}}

@article{sciComp2013,
author={Wilson, Greg and Aruliah, D. A. and Titus, C. and Chue Hong, Neil P. and Davis, Matt and Guy, Richard T. and Haddock, Steven H. D. and Huff, Kathryn D. and Mitchell, Ian M. and Plumblet, Mark D. and Waugh, Ben and White, Ethan P. and Wilson, Paul},
title={Best Practices for Scientific Computing, 2013},
journal={PLoS Biol},
year={2013},
volume={12},
number={1}}
