@misc{paullinearode,
    title = {{Paul's Online Notes} Linear Differential Equations},
    author = {Dawkins, Paul},
    howpublished = {\url{https://tutorial.math.lamar.edu/Classes/DE/Definitions.aspx}},
    note = {Accessed: 2022-09-12}
}

@misc{scipy,
    title = {{SciPy.org}},
    author = {{The SciPy Project}},
    howpublished = {\url{https://www.scipy.org/}},
    note = {Accessed: 2022-09-12}
}

@misc{scipyfun,
    title = {{SciPy.org} scipy.integrate.ode},
    author = {{The SciPy Project}},
    howpublished = {\url{https://docs.scipy.org/doc/scipy/reference/generated/scipy.integrate.ode.html}},
    note = {Accessed: 2022-09-12}
}

@misc{apache,
    title = {{Commons math: The Apache} Commons Mathematics Library},
    author = {{The Apache Software Foundation}},
    howpublished = {\url{https://commons.apache.org/proper/commons-math}},
    note = {Accessed: 2022-09-12}
}

@misc{apachefun,
    title = {{Commons math: The Apache} Ordinary Differential Equations Integration},
    author = {{The Apache Software Foundation}},
    howpublished = {\url{https://commons.apache.org/proper/commons-math/userguide/ode.html}},
    note = {Accessed: 2022-09-12}
}

@misc{oslo,
    title = {{OSLO} Open Solving Library for ODEs},
    author = {{The OSLO Project}},
    howpublished = {\url{https://www.microsoft.com/en-us/research/project/open-solving-library-for-odes/}},
    note = {Accessed: 2022-09-12}
}

@misc{oslofun,
    title = {{OSLO} Open Solving Library for ODEs (OSLO) 1.0
    User Guide, Getting Started, Step 7},
    author = {{The OSLO Project}},
    howpublished = {\url{https://www.microsoft.com/en-us/research/wp-content/uploads/2014/07/osloUserGuide.pdf}},
    note = {Accessed: 2022-09-12}
}

@misc{odeint,
    title = {{ODEINT} Solving ODEs in C++},
    author = {{The ODEINT Project}},
    howpublished = {\url{http://headmyshoulder.github.io/odeint-v2/}},
    note = {Accessed: 2022-09-12}
}

@misc{odeintfun,
    title = {{ODEINT v2} Solving ordinary differential equations in C++},
    author = {{The ODEINT Project}},
    howpublished = {\url{https://www.codeproject.com/Articles/268589/odeint-v2-Solving-ordinary-differential-equations}},
    note = {Accessed: 2022-09-12}
}

@misc{converthigherode,
    title = {{Introduction to Numerical Methods and Matlab Programming for Engineers} Reduction of Higher Order Equations to
    Systems},
    author = {Young, Todd and Mohlenkamp, Martin },
    howpublished = {\url{http://www.ohiouniversityfaculty.com/youngt/IntNumMeth/lecture29.pdf}},
    note = {Accessed: 2022-09-12}
}

@mastersthesis{brooks,
	address = {Hamilton, ON, Canada},
	author = {Brooks MacLachlan},
	date-added = {2020-11-27 09:49:01 -0500},
	date-modified = {2020-11-27 09:49:52 -0500},
	month = {June},
	school = {McMaster University},
	title = {A Design Language for Scientific Computing Software in Drasil},
	year = {2020},
	bdsk-url-1 = {https://macsphere.mcmaster.ca/handle/11375/25542}
}

@article{dp1976,
    title={On the design and development of program families},
    author={Parnas, David},
    journal={IEEE Transaction on Software Engineering},
    volume={5},
    number={2},
    pages={1--9},
    year={March 1976},
    publisher={IEEE}
}

@article{ss2004,
    title={Commonality and Requirements Analysis for Mesh Generating Software},
    author={Smith, Spencer and Chen, ChienHsien},
    journal={McMaster University, Hamilton, Ontario, Canada},
    pages={2},
    year={2004},
    publisher={McMaster University}
}

@misc{drasil,
    title={Drasil},
    author={{The Drasil Research Team}},
    howpublished = {\url{https://jacquescarette.github.io/Drasil/}},
    note = {Accessed: 2022-09-12}
}

@inproceedings{szymczaketal2016,
	address = {Austin, Texas, United States},
	author = {Daniel Szymczak and W. Spencer Smith and Jacques Carette},
	booktitle = {Proceedings of SE4Science'16 in conjunction with the International Conference on Software Engineering (ICSE)},
	date-added = {2016-07-28 19:16:32 +0000},
	date-modified = {2021-11-18 17:33:50 -0500},
	month = may,
	note = {4 pp.},
	title = {Position Paper: A Knowledge-Based Approach to Scientific Software Development},
	year = {2016}
}

@book{loggetal2012,
    date-added = {2016-03-30 15:38:28 +0000},
    date-modified = {2016-03-30 15:38:28 +0000},
    doi = {10.1007/978-3-642-23099-8},
    editor = {A. Logg and K.-A. Mardal and G. N. Wells},
    publisher = {Springer},
    series = {Lecture Notes in Computational Science and Engineering},
    title = {Automated Solution of Differential Equations by the Finite Element Method},
    url = {http://dx.doi.org/10.1007/978-3-642-23099-8},
    volume = {84},
    year = {2012},
    bdsk-url-1 = {http://dx.doi.org/10.1007/978-3-642-23099-8}
}

@misc{whaleyetal2001,
    author = {R. C. Whaley and A. Petitet and J. J. Dongarra},
    journal = {Parallel Computing},
    title = {Automated empirical optimization of software and the {ATLAS} project},
    howpublished = {\url{https://netlib.org/lapack/lawnspdf/lawn147.pdf}},
    year = {2000},
    note = {Accessed: 2022-09-25}
}