@book{gordon_chm101_2023,
	address = {Greenville, SC, USA},
	title = {{CHM101}: {Chemistry} and {Global} {Awareness}},
	url = {https://chem.libretexts.org/Courses/Furman_University/CHM101%3A_Chemistry_and_Global_Awareness_(Gordon)},
	urldate = {2023-01-18},
	publisher = {LibreTexts},
	author = {Gordon, Elizabeth and {Furman University}},
	month = jan,
	year = {2023},
}

@book{lund_introduction_2023,
	address = {Cambridge and Coon Rapids, MN, USA},
	title = {Introduction to {Chemistry}},
	url = {https://chem.libretexts.org/Courses/Anoka-Ramsey_Community_College/Introduction_to_Chemistry},
	urldate = {2023-01-18},
	publisher = {LibreTexts},
	author = {Lund, Lance and {Anoka-Ramsey Community College}},
	month = jan,
	year = {2023},
}

@article{hamid_balancing_2019,
	title = {Balancing {Chemical} {Equations} by {Systems} of {Linear} {Equations}},
	volume = {10},
	issn = {2152-7385},
	url = {https://file.scirp.org/pdf/AM_2019071116274896.pdf},
	doi = {https://doi.org/10.4236/am.2019.107036},
	number = {7},
	urldate = {2023-01-18},
	journal = {Applied Mathematics},
	author = {Hamid, Ihsanullah},
	month = jul,
	year = {2019},
	pages = {521--526},
}


@misc{unacademy_fractional_2023,
	title = {Fractional {Oxidation} {States}},
	url = {https://unacademy.com/content/upsc/study-material/chemistry/fractional-oxidation-states/},
	abstract = {A fractional oxidation number is a real or imaginary number obtained by dividing an atom's total charge by its valence. Know more here.},
	language = {en-US},
	urldate = {2023-01-19},
	journal = {Unacademy},
	author = {{Unacademy}},
	year = {2023},
}
