@article{Bueche1986,
author={Bueche, J. Frederick},
title={Introduction to Physics for Scientists},
edition={4nd.},
publisher={McGraw Hill},
place={New York City, New York},
year={1986}}

@article{IncroperaDewittBergmanLavine2007,
author={Incropera, F. P. and Dewitt, D. P. and Bergman, T. L. and Lavine, A. S.},
title={Fundamentals of Heat and Mass Transfer},
edition={6th.},
publisher={John Wiley and Sons},
place={Hoboken, New Jersey},
year={2007}}

@mastersthesis{Koothoor2013,
author={Koothoor, Nirmitha},
title={A document drive approach to certifying scientific computing software},
school={McMaster University},
place={Hamilton, Canada},
year={2013}}

@misc{Lightstone2012,
author={Lightstone, Marilyn},
title={Derivation of tank/pcm model},
year={2012},
note={From Marilyn Lightstone's Personal Notes}}

@article{ParnasClements1986,
author={Parnas, David L. and Clements, P. C.},
title={A rational design process: How and why to fake it},
journal={IEEE Transactions on Software Engineering},
volume={12},
number={2},
pages={251-257},
year={1986},
place={Washington, USA}}

@article{SmithLai2005,
author={Smith, W. Spencer and Lai, Lei},
title={A new requirements template for scientific computing},
journal={Proceedings of the First International Workshop on Situational Requirements Engineering Processes - Methods, Techniques and Tools to Support Situation-Specific Requirements Engineering Processes, SREP'05},
editor={Agerfalk, PJ and Kraiem, N. and Ralyte, J.},
place={Paris, France},
pages={107-121},
note={In conjunction with 13th IEEE International Requirements Engineering Conference,},
year={2005}}
