@book{forward2002software,
	title={Software documentation: Building and maintaining artefacts of 
	communication.},
	author={Forward, Andrew},
	year={2002},
	publisher={University of Ottawa (Canada)}
}

@article{parnas2011precise,
	title={Precise documentation: The key to better software},
	author={Parnas, David Lorge},
	journal={The Future of Software Engineering},
	pages={125--148},
	year={2011},
	publisher={Springer}
}

@article{chomal2014significance,
	title={Significance of software documentation in software development 
	process},
	author={Chomal, Vikas S and Saini, Jatinderkumar R},
	journal={International Journal of Engineering Innovations and Research},
	volume={3},
	number={4},
	pages={410},
	year={2014},
	publisher={International Journal of Engineering Innovations and Research 
	(IJEIR)}
}

@article{kipyegen2013importance,
	title={Importance of software documentation},
	author={Kipyegen, Noela Jemutai and Korir, William PK},
	journal={International Journal of Computer Science Issues (IJCSI)},
	volume={10},
	number={5},
	pages={223},
	year={2013},
	publisher={International Journal of Computer Science Issues (IJCSI)}
}

@misc{SmithandKoothoor2016,
    title={Developing Scientific Computing Software: Current Processes and 
    Future Directions},
    author={Koothoor Nirmitha and Smith Spencer},
    year={2016},
    url={http://hdl.handle.net/11375/13266}
}

@misc{SmithandYu2007,
	title={A Document Driven Methodology for Improving the Quality of a 
	Parallel Mesh Generation Toolbox},
	author={Yu Wen and Smith Spencer},
	year={2007},
	url={http://hdl.handle.net/11375/21299}
}

@article{Jeffrey2018,
	title={Why Jupyter is data scientistsâ€™ computational notebook of choice},
	author={Jeffrey M. Perkel},
	journal={Nature},
	volume={563},
	pages={145-146},
	year={2018},
	publisher={ACM}
}

@misc{jupyternotebookrep,
	title={Jupyter Notebook},
	author={GitHub contributors},
	url={https://github.com/jupyter/notebook}
}

@inproceedings{cardoso2019using,
	title={Using the Jupyter notebook as a tool to support the teaching and 
	learning processes in engineering courses},
	author={Cardoso, Alberto and Leit{\~a}o, Joaquim and Teixeira, C{\'e}sar},
	booktitle={The Challenges of the Digital Transformation in Education: 
	Proceedings of the 21st International Conference on Interactive 
	Collaborative Learning (ICL2018)-Volume 2},
	pages={227--236},
	year={2019},
	organization={Springer}
}

@article{zhao2019use,
	title={Use JupyterHub to Enhance the Teaching and Learning Efficiency of 
	Programming Related Courses},
	author={Zhao, Pengfei and Xia, Junwei},
	year={2019}
}

@article{hermann2022documenting,
	title={Documenting research software in engineering science},
	author={Hermann, Sibylle and Fehr, J{\"o}rg},
	journal={Scientific Reports},
	volume={12},
	number={1},
	pages={6567},
	year={2022},
	publisher={Nature Publishing Group UK London}
}

@incollection{chang2022understanding,
	title={Understanding Implementation Challenges in Machine Learning 
	Documentation},
	author={Chang, Jiyoo and Custis, Christine},
	booktitle={Equity and Access in Algorithms, Mechanisms, and Optimization},
	pages={1--8},
	year={2022}
}

@article{sanders2008dealing,
	title={Dealing with risk in scientific software development},
	author={Sanders, Rebecca and Kelly, Diane},
	journal={IEEE software},
	volume={25},
	number={4},
	pages={21--28},
	year={2008},
	publisher={IEEE}
}

@inproceedings{smith2016advantages,
	title={Advantages, disadvantages and misunderstandings about document 
	driven design for scientific software},
	author={Smith, Spencer and Jegatheesan, Thulasi and Kelly, Diane},
	booktitle={2016 Fourth International Workshop on Software Engineering for 
	High Performance Computing in Computational Science and Engineering 
	(SE-HPCCSE)},
	pages={41--48},
	year={2016},
	organization={IEEE}
}

@inproceedings{smith2005new,
	title={A new requirements template for scientific computing},
	author={Smith, W Spencer and Lai, Lei},
	booktitle={Proceedings of the First International Workshop on Situational 
	Requirements Engineering Processes--Methods, Techniques and Tools to 
	Support Situation-Specific Requirements Engineering Processes, SREP},
	volume={5},
	pages={107--121},
	year={2005},
	organization={Citeseer}
}

@misc{notebookdoc,
	title={The Jupyter Notebook},
	author={GitHub contributors},
	url={https://jupyter-notebook.readthedocs.io/en/stable/notebook.html}
}

@misc{drasil,
	title={Drasil - Generate All the Things!},
	author={The Drasil Team.},
	url={https://jacquescarette.github.io/Drasil/}
}


@misc{notebookmetadata,
	title={Add metadata to your book pages},
	author={Jupyter Notebook contributors},
	url={https://jupyterbook.org/en/stable/content/metadata.html}
}

@misc{cellsseparation,
	title={Separating cells of SRS},
	author={The Drasil Team.},
	url={https://github.com/JacquesCarette/Drasil/issues/2346}
}

@misc{textdotjosn,
	title={Text.JSON},
	author={The Haskell Team.},
	url={https://hackage.haskell.org/package/json-0.10/docs/Text-JSON.html}
}

@article{cicek2013effective,
	title={Effective use of lesson plans to enhance education},
	author={Cicek, Volkan and Hidayet, Tok},
	journal={International Journal of Economy, Management and Social Sciences},
	volume={2},
	number={6},
	pages={334--341},
	year={2013}
}

@book{wong2018first,
	title={The first days of school: How to be an effective teacher},
	author={Wong, Harry K and Wong, Rosemary Tripi},
	year={2018},
	publisher={Harry K. Wong Publications Mountain View, CA}
}

@misc{smith2022projectile,
	title={Discussion of Projectile Lesson: What and Why},
	author={Spencer Smith},
	url={https://github.com/smiths/caseStudies/blob/master/CaseStudies/projectile/projectileLesson/AboutProjectileLesson.pdf}
}

@misc{lsnDeclandlsnDesc,
	title={Do we need both LsnDecl and LsnDesc for lesson plan?},
	author={The Drasil Team},
	url={https://github.com/JacquesCarette/Drasil/issues/3308}
}

@misc{jupyterNotebookUsage,
	title={How To Use Jupyter Notebooks},
	author={The Codecademy Team},
	url={https://www.codecademy.com/article/how-to-use-jupyter-notebooks-py3}
}

@article{beg2021using,
	title={Using Jupyter for reproducible scientific workflows},
	author={Beg, Marijan and Taka, Juliette and Kluyver, Thomas and Konovalov, 
	Alexander and Ragan-Kelley, Min and Thi{\'e}ry, Nicolas M and Fangohr, 
	Hans},
	journal={Computing in Science \& Engineering},
	volume={23},
	number={2},
	pages={36--46},
	year={2021},
	publisher={IEEE}
}

@article{pimentel2021understanding,
	title={Understanding and improving the quality and reproducibility of 
	Jupyter notebooks},
	author={Pimentel, Jo{\~a}o Felipe and Murta, Leonardo and Braganholo, 
	Vanessa and Freire, Juliana},
	journal={Empirical Software Engineering},
	volume={26},
	number={4},
	pages={65},
	year={2021},
	publisher={Springer}
}

@inproceedings{wang2020better,
	title={Better code, better sharing: on the need of analyzing jupyter 
	notebooks},
	author={Wang, Jiawei and Li, Li and Zeller, Andreas},
	booktitle={Proceedings of the ACM/IEEE 42nd International Conference on 
	Software Engineering: New Ideas and Emerging Results},
	pages={53--56},
	year={2020}
}