@book{bueche1986,
author={Bueche, J. Frederick},
title={Introduction to Physics for Scientists},
publisher={McGraw Hill},
year={1986},
edition={4},
address={New York City, New York}}

@book{incroperaEtAl2007,
author={Incropera, F. P. and Dewitt, D. P. and Bergman, T. L. and Lavine, A. S.},
title={Fundamentals of Heat and Mass Transfer},
publisher={John Wiley and Sons},
year={2007},
edition={6},
address={Hoboken, New Jersey}}

@mastersthesis{koothoor2013,
author={Koothoor, Nirmitha},
title={A document drive approach to certifying scientific computing software},
school={McMaster University},
year={2013},
address={Hamilton, ON, Canada}}

@misc{lightstone2012,
author={Lightstone, Marilyn},
title={Derivation of tank/pcm model},
year={2012},
note={From Marilyn Lightstone's Personal Notes}}

@article{dParnas1972,
author={Parnas, David L.},
title={On the Criteria To Be Used in Decomposing Systems into Modules},
journal={Communications of the ACM},
year={1972},
pages={"1053-1058"}}

@article{parnasClements1986,
author={Parnas, David L. and Clements, P. C.},
title={A rational design process: How and why to fake it},
journal={IEEE Transactions on Software Engineering},
year={1986},
month=feb,
volume={12},
number={2},
pages={"251-257"},
address={Washington, USA}}

@inproceedings{parnasClements1984,
author={Parnas, David L. and Clements, P. C. and Wiess},
title={The Modular Structure of Complex Systems},
booktitle={ICSE '84: Proceedings of the 7th international conference on Software engineering},
year={1984},
pages={"408-417"}}

@inproceedings{smithLai2005,
author={Smith, W. Spencer and Lai, Lei},
title={A new requirements template for scientific computing},
booktitle={Proceedings of the First International Workshop on Situational Requirements Engineering Processes - Methods, Techniques and Tools to Support Situation-Specific Requirements Engineering Processes, SREP'05},
year={2005},
editor={Agerfalk, PJ and Kraiem, N. and Ralyte, J.},
address={Paris, France},
pages={"107-121"},
note={In conjunction with 13th IEEE International Requirements Engineering Conference,}}
