@book{gamma1995design,
    title={Design patterns: elements of reusable object-oriented software},
    author={Gamma, Erich},
    year={1995},
    publisher={Pearson Education India}
}

@article{mernik2005and,
    title={When and how to develop domain-specific languages},
    author={Mernik, Marjan and Heering, Jan and Sloane, Anthony M},
    journal={ACM computing surveys (CSUR)},
    volume={37},
    number={4},
    pages={316--344},
    year={2005},
    publisher={ACM}
}

@inproceedings{wang1997zephyr,
	title={The Zephyr Abstract Syntax Description Language.},
	author={Wang, Daniel C and Appel, Andrew W and Korn, Jeffrey L and Serra, 
	Christopher S},
	booktitle={DSL},
	volume={97},
	pages={17--17},
	year={1997}
}

@inproceedings{mooij2013gaining,
	title={Gaining industrial confidence for the introduction of 
	domain-specific languages},
	author={Mooij, Arjan J and Hooman, Jozef and Albers, Rob},
	booktitle={2013 IEEE 37th Annual Computer Software and Applications 
	Conference Workshops},
	pages={662--667},
	year={2013},
	organization={IEEE}
}

@article{hong2012green,
	title={Green-Marl: a DSL for easy and efficient graph analysis},
	author={Hong, Sungpack and Chafi, Hassan and Sedlar, Edic and Olukotun, 
	Kunle},
	journal={ACM SIGARCH Computer Architecture News},
	volume={40},
	number={1},
	pages={349--362},
	year={2012},
	publisher={ACM}
}

@article{beyak2011saga,
	title={SAGA: A DSL for story management},
	author={Beyak, Lucas and Carette, Jacques},
	journal={arXiv preprint arXiv:1109.0776},
	year={2011}
}

@misc{Drasil2019,
	Author = {Drasil Team},
	Date-Added = {2019-06-25 14:02:40 -0400},
	Date-Modified = {2019-06-25 14:06:01 -0400},
	Howpublished = {\url{https:// github.com/JacquesCarette/Drasil}},
	Month = {June},
	Title = {Drasil Software: Generate All The Things (Focusing on Scientific 
	Software)},
	Year = {2019},
	Bdsk-Url-1 = {https://github.com/JacquesCarette/Drasil}}

@inproceedings{SzymczakEtAl2016,
	Address = {Austin, Texas, United States},
	Author = {Daniel Szymczak and W. Spencer Smith and Jacques Carette},
	Booktitle = {Proceedings of SE4Science'16 in conjunction with the 
	International Conference on Software Engineering (ICSE)},
	Date-Added = {2016-07-28 19:16:32 +0000},
	Date-Modified = {2016-07-28 19:16:32 +0000},
	Month = may,
	Note = {4 pp.},
	Organization = {In conjunction with ICSE 2016},
	Title = {Position Paper: A Knowledge-Based Approach to Scientific Software 
	Development},
	Year = {2016},
	Bdsk-File-1 = 
	{YnBsaXN0MDDSAQIDBFxyZWxhdGl2ZVBhdGhZYWxpYXNEYXRhXxAUU3p5bWN6YWtFdEFsMjAxNi5wZGZPEQFcAAAAAAFcAAIAAAxNYWNpbnRvc2ggSEQAAAAAAAAAAAAAAAAAAAAAAAAAQkQAAf////8UU3p5bWN6YWtFdEFsMjAxNi5wZGYAAAAAAAAAAAAAAAAAAAAAAAAAAAAAAAAAAAAAAAAAAAAAAAAAAAAAAAAA/////wAAAAAAAAAAAAAAAAABAAIAAAogY3UAAAAAAAAAAAAAAAAAA3B1YgAAAgAtLzpVc2VyczpzbWl0aHM6UmVwb3M6cHViOlN6eW1jemFrRXRBbDIwMTYucGRmAAAOACoAFABTAHoAeQBtAGMAegBhAGsARQB0AEEAbAAyADAAMQA2AC4AcABkAGYADwAaAAwATQBhAGMAaQBuAHQAbwBzAGgAIABIAEQAEgArVXNlcnMvc21pdGhzL1JlcG9zL3B1Yi9TenltY3pha0V0QWwyMDE2LnBkZgAAEwABLwAAFQACAA3//wAAAAgADQAaACQAOwAAAAAAAAIBAAAAAAAAAAUAAAAAAAAAAAAAAAAAAAGb}}

@article{scholtz1990learning,
    title={Learning second and subsequent programming languages: A problem of 
    transfer},
    author={Scholtz, Jean and Wiedenbeck, Susan},
    journal={International Journal of Human-Computer Interaction},
    volume={2},
    number={1},
    pages={51--72},
    year={1990},
    publisher={Taylor \& Francis}
}

@inproceedings{alexandron2012effect,
    title={The effect of previous programming experience on the learning of 
    scenario-based programming},
    author={Alexandron, Giora and Armoni, Michal and Gordon, Michal and Harel, 
    David},
    booktitle={Proceedings of the 12th Koli Calling International Conference on 
    Computing Education Research},
    pages={151--159},
    year={2012},
    organization={ACM}
}

@article{buse2009learning,
    title={Learning a metric for code readability},
    author={Buse, Raymond PL and Weimer, Westley R},
    journal={IEEE Transactions on Software Engineering},
    volume={36},
    number={4},
    pages={546--558},
    year={2009},
    publisher={IEEE}
}

@article{carette2009finally,
    title={Finally tagless, partially evaluated: Tagless staged 
    interpreters for simpler typed languages},
    author={Carette, Jacques and Kiselyov, Oleg and Shan, Chung-chieh},
    journal={Journal of Functional Programming},
    volume={19},
    number={5},
    pages={509--543},
    year={2009},
    publisher={Cambridge University Press}
}

@misc{Haxe,
    Title = {Haxe - The cross-platform toolkit},
    URL = {https://haxe.org},
    Note = {Accessed 2019-09-13}}

@article{kovesdan2017multi,
    title={Multi-Platform Code Generation Supported by Domain-Specific Modeling},
    author={K{\"o}vesd{\'a}n, G{\'a}bor and Lengyel, L{\'a}szl{\'o}},
    journal={International Journal of Information Technology and Computer Science},
    volume={9},
    number={12},
    pages={11--18},
    year={2017}
}

@inproceedings{harrand2016thingml,
    title={Thingml: a language and code generation framework for heterogeneous targets},
    author={Harrand, Nicolas and Fleurey, Franck and Morin, Brice and Husa, Knut Eilif},
    booktitle={Proceedings of the ACM/IEEE 19th International Conference on 
    Model Driven Engineering Languages and Systems},
    pages={125--135},
    year={2016},
    organization={ACM}
}

@inproceedings{mapelsden2002design,
    title={Design pattern modelling and instantiation using DPML},
    author={Mapelsden, David and Hosking, John and Grundy, John},
    booktitle={Proceedings of the Fortieth International Conference on Tools 
    Pacific: Objects for internet, mobile and embedded applications},
    pages={3--11},
    year={2002},
    organization={Australian Computer Society, Inc.}
}

@inproceedings{kim2003uml,
    title={A uml-based metamodeling language to specify design patterns},
    author={Kim, Dae-Kyoo and France, Robert and Ghosh, Sudipto and Song, 
    Eunjee},
    booktitle={Proceedings of Workshop on Software Model Engineering (WiSME), 
    at UML 2003},
    year={2003},
    organization={Citeseer}
}

@inproceedings{albin2001meta,
    title={Meta-modeling design patterns: Application to pattern detection and 
    code synthesis},
    author={Albin-Amiot, Herv{\'e} and Gu{\'e}h{\'e}neuc, Yann-Ga{\"e}l},
    booktitle={Proceedings of ECOOP Workshop on Automating Object-Oriented 
    Software Development Methods},
    year={2001}
}

@article{budinsky1996automatic,
    title={Automatic code generation from design patterns},
    author={Budinsky, Frank J. and Finnie, Marilyn A. and Vlissides, John M. 
    and Yu, Patsy S.},
    journal={IBM systems Journal},
    volume={35},
    number={2},
    pages={151--171},
    year={1996},
    publisher={IBM}
}

@misc{Protobuf,
    Title = {Google Protocol Buffers},
    URL = {https://developers.google.com/protocol-buffers/},
    Note = {Accessed 2019-09-16}}

@article{slee2007thrift,
    title={Thrift: Scalable cross-language services implementation},
    author={Slee, Mark and Agarwal, Aditya and Kwiatkowski, Marc},
    journal={Facebook White Paper},
    volume={5},
    number={8},
    year={2007}
}

@inproceedings{swint2005clearwater,
    title={Clearwater: extensible, flexible, modular code generation},
    author={Swint, Galen S and Pu, Calton and Jung, Gueyoung and Yan, Wenchang 
    and Koh, Younggyun and Wu, Qinyi and Consel, Charles and Sahai, Akhil and 
    Moriyama, Koichi},
    booktitle={Proceedings of the 20th IEEE/ACM international Conference on 
    Automated software engineering},
    pages={144--153},
    year={2005},
    organization={ACM}
}

@inproceedings{de2004glue,
    title={Glue code generation: Closing the loophole in model-based 
    development},
    author={de Niz, Dionisio and Rajkumar, Raj},
    booktitle={10th IEEE Real-Time and Embedded Technology and Applications 
    Symposium (RTAS 2004). Workshop on Model-Driven Embedded Systems},
    year={2004},
    organization={Citeseer}
}

@inproceedings{kramer2010mobdsl,
    title={MobDSL: A Domain Specific Language for multiple mobile platform 
    deployment},
    author={Kramer, Dean and Clark, Tony and Oussena, Samia},
    booktitle={2010 IEEE International Conference on Networked Embedded Systems 
    for Enterprise Applications},
    pages={1--7},
    year={2010},
    organization={IEEE}
}

@inproceedings{ribeiro2014xis,
    title={Xis-mobile: A dsl for mobile applications},
    author={Ribeiro, Andr{\'e} and da Silva, Alberto Rodrigues},
    booktitle={Proceedings of the 29th Annual ACM Symposium on Applied 
    Computing},
    pages={1316--1323},
    year={2014},
    organization={ACM}
}

@misc{Conjure,
    Title = {Conjure: a code-generator for multi-language HTTP/JSON clients and 
    servers},
    URL = {https://palantir.github.io/conjure/#/},
    Note = {Accessed 2019-09-16}}

@inproceedings{GOOLPEPM,
  title = {GOOL: Generic Object-Oriented Language},
  subtitle = {(short paper)},
  author = {Brooks MacLachlan and Jacques Carette and Spencer S. Smith},
  booktitle = {Proceedings of 2020 SIGPLAM Workskop on Partial Evaluation and Program Manipulation (PEPM 2020)},
  year = {2020},
  organization = {ACM},
  DOI = {https://doi.org/10.1145/3372884.3373159}
}
